4442 6392
695 1212 743 1262 nr
765 1213 924 1265 mucosa
946 1213 1049 1267 nnsis
1071 1213 1230 1276 nussim,
1254 1213 1319 1262 vra
1342 1213 1451 1263 Pnuss.
1535 1199 1600 1264 223

528 1391 581 1451 .st
604 1384 802 1455 Godefridus
826 1386 866 1451 de
891 1384 1013 1451 Sancto
1040 1384 1246 1454 AEodemaro.
1294 1385 1361 1464 Qui
1383 1385 1491 1473 primo
1518 1385 1601 1451 adeo
1614 1398 1682 1453 AD.
1697 1404 1768 1451 rus.

528 1505 708 1575 ,pauperes
729 1487 807 1555 licet
833 1488 961 1554 strenui
985 1486 1130 1566 fuerunt,
1146 1486 1234 1572 quod
1260 1508 1363 1552 unum
1390 1487 1497 1554 solum
1522 1488 1601 1554 dex·

528 1591 687 1657 tretium
710 1589 761 1657 illi
791 1590 856 1656 duo
887 1590 1098 1670 habuerunt;
1136 1591 1224 1655 unde
1254 1596 1389 1676 propter
1419 1591 1601 1677 primitivas

528 1693 753 1779 paupertatis
775 1692 976 1768 memoriam,
1000 1698 1035 1758 et
1056 1692 1099 1756 od
1122 1691 1322 1758 humilitatis
1345 1694 1600 1772 observantiam,
1730 1695 1744 1715 ⁶

527 1794 584 1864 .in
606 1795 716 1882 sigillo
731 1817 844 1861 eorum
867 1795 1024 1882 insculpti
1047 1801 1126 1861 sunt
1148 1795 1214 1860 duo
1237 1799 1487 1887 unnmequum
1509 1797 1600 1882 equi·
1614 1797 1711 1848 8²⁸¹&
1718 1801 1761 1850 the

526 1897 679 1966 ‚tantes.¹
727 1897 791 1963 Isti
812 1919 891 1965 vero
919 1899 985 1963 duo
1007 1897 1131 1964 milites
1161 1898 1344 1975 memorati,
1374 1920 1449 1965 cnm
1472 1904 1599 1981 certum
1614 1864 1702 1917 ΟΜ·

546 2021 613 2064 non
639 1999 800 2066 haberent
831 2000 1041 2078 domicilium,
1065 2005 1101 2066 et
1134 1999 1199 2065 sibi
1225 1999 1452 2067 habitaculum
1474 2023 1599 2088 quaere·

546 2107 630 2180 rent,
652 2124 713 2168 rex
736 2102 951 2169 Baldewinus
970 2103 1125 2169 misertus
1148 2108 1183 2167 st
1206 2091 1390 2183 miseratus,
1415 2104 1453 2169 in
1474 2103 1599 2190 palatio
1613 2115 1736 2168 Granios

546 2226 615 2284 suo,
640 2205 731 2291 quod
753 2226 845 2273 secus
872 2205 1045 2291 Templum
1069 2205 1207 2271 Domini
1230 2206 1274 2270 ad
1296 2206 1476 2273 australem
1499 2183 1728 2317 habfllffitssy

546 2308 687 2395 plagam,
702 2308 749 2375 eis
763 2308 923 2374 concessit
938 2307 1150 2375 mansionem.
1199 2307 1359 2374 canonici
1374 2330 1453 2376 vero
1471 2309 1599 2396 Templi
1611 2317 1677 2381 king
1701 2385 1708 2398 ,

548 2409 686 2475 Domini
729 2410 883 2497 plateam,
930 2432 1028 2496 quam
1069 2410 1154 2475 circa
1190 2410 1387 2495 praedictum
1431 2383 1735 2479 habebantffldm‘

546 2512 717 2598 palatium,
741 2513 783 2578 ad
810 2513 952 2590 officinas
977 2511 1217 2578 construendas
1249 2511 1321 2577 eis²
1355 2519 1594 2581 concesserunt

547 2612 739 2679 Patrisrchs
761 2636 891 2702 quoque
916 2620 952 2681 et
973 2636 1043 2692 rex,
1060 2637 1133 2680 cum
1158 2614 1227 2680 suis
1250 2616 1438 2701 proceribus
1464 2621 1499 2683 et
1525 2616 1600 2683 aliis

547 2716 754 2782 ecclesiarum
790 2717 944 2805 prselstis,
975 2717 1016 2783 de
1046 2717 1186 2804 propriis
1224 2717 1398 2785 dominicis
1435 2720 1503 2785 suis
1539 2741 1600 2806 pro

546 2820 638 2885 victu
661 2826 696 2886 et
726 2821 852 2886 vestitu
878 2825 968 2887 certa
1001 2821 1049 2886 eis
1081 2820 1242 2886 beneficia
1270 2821 1493 2901 contulerunt,
1525 2843 1601 2908 pro·

546 2922 660 3009 pitius*
683 2923 910 3010 comparando.
957 2922 1071 2987 Prima
1094 2944 1174 2988 vero
1200 2944 1313 2990 eorum
1337 2924 1496 3011 professio
1519 2926 1757 3005 erstPlcfwion

546 3030 594 3104 ut,
618 3025 655 3090 in
676 3026 902 3095 remissionem
924 3032 1132 3112 peccatorum
1155 3047 1297 3105 suorum,
1321 3028 1402 3106 viss,
1423 3028 1544 3094 itinera
1566 2995 1704 3113 ciffi,

547 3149 662 3214 passus
688 3134 865 3215 suspectos,
896 3128 1182 3214 peregrinantibus
1212 3128 1355 3207 nocivos,
1386 3130 1429 3195 sd
1461 3131 1601 3196 salutem

508 3274 511 3278 »
547 3229 695 3295 fidelium
726 3230 1004 3297 transmeantium
1036 3235 1152 3296 contra
1178 3231 1345 3296 latronum
1380 3231 1519 3298 insidias
1541 3253 1602 3319 pro

547 3332 675 3398 viribus
697 3337 937 3398 conservarent
982 3331 1130 3397 Tandem
1145 3354 1233 3412 vero,
1258 3339 1334 3419 post
1355 3334 1400 3400 ix.
1428 3356 1541 3411 annos,
1564 3335 1601 3401 in

547 3435 683 3500 concilio
706 3434 845 3500 Trocas³
868 3435 1041 3512 celebrato,
1073 3435 1234 3501 instituta
1262 3440 1313 3500 cst
1339 3435 1386 3500 eis
1415 3436 1538 3522 regulo,
1566 3443 1601 3503 et

546 3537 680 3603 habitus
714 3538 810 3603 albus
840 3560 861 3602 a
889 3559 977 3624 papa
1009 3536 1162 3602 Honorio
1198 3536 1395 3624 assignatus.
1442 3538 1497 3616 Et,
1526 3539 1599 3626 jam
1613 3555 1640 3604 A
1653 3555 1730 3606 white
1846 3609 1850 3614 ,

547 3639 692 3705 decursis
721 3639 788 3705 fers
810 3661 931 3706 novem
953 3639 1059 3717 annis,
1089 3639 1209 3704 fratres
1240 3640 1420 3727 qui'pm'us
1451 3645 1528 3707 tant
1586 3621 1739 3739 -ξξδῑξᾱᾞ

546 3743 644 3807 modo
674 3763 794 3808 novem
824 3741 968 3820 fuerimt,
998 3747 1170 3828 coeperunt
1207 3741 1431 3828 multiplicari,
1461 3748 1497 3809 et
1526 3766 1600 3831 pos·
1613 3704 1728 3833 ὥρῃ

378 3858 534 3938 Ropwend.
547 3845 706 3911 sessiones
743 3845 780 3910 in
817 3844 1015 3910 immensum
1054 3843 1196 3908 dilatari.
1263 3844 1476 3910 Postmodum
1512 3868 1602 3925 vero,
1613 3821 1745 3940 {ononis

412 3941 439 3976 ¹¹·
454 3931 508 3978 ¹⁹⁶·
547 3954 693 4034 tempore
724 3947 868 4034 Eugenii
906 3969 1009 4037 papae,
1039 3967 1151 4012 cruces
1181 3946 1222 4011 de
1255 3968 1365 4032 panno
1396 3948 1498 4014 rubeo
1532 3948 1771 4024 suisfflm

528 4056 723 4116 assuerunt
752 4049 963 4119 mantelliss
993 4053 1087 4136 parte
1118 4047 1263 4126 sinistro,
1287 4054 1326 4114 ut
1348 4054 1434 4115 esset
1458 4050 1505 4116 eis
1530 4055 1600 4117 tam
1614 4054 1728 4158 mm

527 4152 748 4243 triumphale
769 4154 901 4241 signum
932 4173 992 4240 pro
1016 4150 1131 4238 clipeo,
1154 4172 1196 4216 ne
1222 4150 1375 4238 sugerent
1396 4175 1457 4240 pro
1488 4153 1600 4240 aliquo
1613 4173 1728 4227 mua

528 4253 685 4335 ,infideli
722 4259 820 4322 tanta
852 4255 981 4341 talique
1018 4253 1225 4341 protectione
1259 4255 1464 4334 communiti,
1497 4260 1600 4342 utque

547 4358 593 4425 sic
624 4358 757 4446 signati,
780 4380 801 4422 a
830 4358 947 4423 ceteris
978 4355 1140 4443 religiosis
1163 4355 1245 4420 viris
1270 4356 1420 4422 valerent
1450 4358 1600 4425 discerni

546 4460 714 4526 Numerus
742 4459 849 4548 igitur
870 4479 983 4525 comm
1017 4458 1054 4522 in
1082 4456 1179 4524 brevi
1204 4458 1254 4523 ita
1276 4459 1404 4524 ditatus
1430 4465 1464 4525 et
1487 4459 1767 4525 musi-nmmos

545 4563 686 4650 plicatus
709 4568 767 4640 est,
790 4568 831 4628 ut
856 4561 953 4627 hodie
982 4561 1019 4626 in
1046 4567 1215 4626 conventu
1236 4560 1410 4647 plusquam
1435 4539 1757 4631 trecentosffiwfflfl·

580 4847 632 4897 ¹1n
638 4846 681 4897 the
689 4846 766 4899 lower
772 4845 925 4913 mmglniss
935 4845 1049 4912 drawing
1094 4831 1169 4882 ΗΘΜ
1185 4830 1207 4880 ῑΙ
1224 4830 1293 4881 Μ
1310 4832 1443 4894 abmer,
1463 4840 1538 4899 μὴ]
1554 4849 1600 4899 per

546 4938 576 4990 of
583 4927 771 5004 toneniplsrs
777 4938 862 5005 riding
870 4955 904 4988 on
913 4939 1048 4999 cochomo,
1093 4911 1151 4971 Μ’
1163 4924 1198 4960 ³⁸·
1210 4910 1261 4962 Μ
1270 4925 1324 4976 ⁸¹3·

546 5029 1048 5099 acomscengravingcl'whichisgiven
1126 4988 1379 5135 ζῗὶῖἱᾚὲᾍ
1392 5068 1441 5124 MS
1474 5071 1599 5127 3005„

546 5123 574 5173 in
596 5123 655 5179 edit.
678 5124 759 5181 wats-
804 5124 836 5182 n
863 5123 931 5177 Μ
952 5123 982 5176 0f
1006 5120 1049 5175 ὼε
1093 5148 1522 5217 immansuetorum.
