4442 6392
660 1168 725 1232 402
792 1179 958 1231 MA'I'THAEI
981 1176 1197 1229 Psnlsrun'sm
1220 1178 1384 1227 HISTORIA
1406 1175 1607 1227 suetonum.

492 1367 560 1420 Ab,
576 1355 795 1419 utsmodum
827 1354 994 1418 admirans
1029 1352 1086 1429 ait,
1122 1350 1239 1430 “Quis
1271 1373 1314 1430 es,
1349 1351 1532 1416 dominet”
1578 1353 1627 1416 At
1650 1351 1712 1428 ille,

662 1457 768 1544 “Ego
791 1479 865 1521 eum
899 1456 1017 1521 martir
1048 1453 1210 1534 Albanus,
1235 1454 1292 1540 qui
1315 1455 1440 1520 adhoc
1463 1455 1570 1535 venio,
1594 1460 1633 1520 ut
1656 1477 1715 1519 au·

661 1560 814 1624 nuncienr
847 1558 910 1624 tibi
949 1557 1084 1623 Domini
1121 1555 1330 1622 voluntatem
1370 1557 1410 1623 de
1440 1558 1601 1644 magistro
1631 1579 1713 1637 meo,

660 1664 775 1728 clerico
799 1663 953 1727 videlicet
979 1662 1046 1741 illo,
1070 1682 1129 1746 per
1159 1682 1257 1746 quem
1287 1660 1387 1726 fidem
1420 1661 1546 1726 Christi
1578 1661 1712 1747 suscepi,

661 1764 701 1828 de
723 1787 787 1850 quo
810 1765 898 1828 inter
919 1763 1069 1829 homines
1092 1782 1198 1826 sermo
1221 1763 1374 1848 frequens
1396 1763 1559 1842 liabetur3
1582 1768 1625 1840 et,
1641 1784 1713 1827 cum

660 1890 732 1952 spes
762 1866 909 1930 fidelium
940 1866 984 1930 sit
1017 1864 1105 1951 quod
1140 1864 1262 1929 futuris
1293 1865 1495 1952 temporibus
1519 1865 1636 1930 debeat
1666 1888 1718 1929 re-

619 2022 622 2027 ,
661 1969 773 2048 velari,
805 1969 894 2032 loeus
926 1974 1039 2032 tanuen
1073 1967 1253 2053 sepulturae
1285 1967 1327 2031 ab
1351 1966 1504 2032 omuibus
1535 1969 1715 2053 ignoratur.

661 2071 807 2156 Surgens
846 2092 929 2156 ergo,
962 2070 1128 2148 velociter,
1169 2069 1337 2149 circumda
1370 2069 1434 2133 tibi
1479 2071 1714 2134 vestimentum
1745 2140 1749 2146 ,

660 2182 766 2249 tuum,
789 2178 823 2238 et
845 2195 978 2261 sequere
994 2142 1105 2253 meet
1129 2173 1301 2237 ostendam
1324 2171 1387 2235 tibi
1410 2172 1618 2260 sepulchrum
1643 2194 1716 2259 pre·
1730 2174 1906 2255 Bag-wem

661 2277 754 2340 tiosis
768 2275 915 2361 reliquiis
931 2275 1002 2361 ejus
1017 2274 1237 2362 insignitum.''
1284 2273 1428 2360 Surgens
1451 2296 1528 2360 ergo
1552 2274 1716 2339 Robertus
1766 2258 1796 2294 ¹¹·
1811 2251 1875 2298 ³⁹⁰·

664 2377 824 2455 velociter,
857 2378 1001 2443 vestitus
1033 2383 1067 2443 et
1099 2376 1256 2443 calciatus
1290 2381 1421 2441 secutus
1453 2383 1505 2441 est
1539 2400 1621 2443 eum.
1668 2377 1738 2442 Et·

662 2502 776 2545 versus
799 2481 988 2565 aquilonem
1013 2482 1049 2544 in
1073 2484 1180 2545 strata
1210 2479 1339 2565 publica
1364 2479 1562 2565 gradientes,
1585 2501 1717 2566 perrex-

661 2581 777 2648 erunt¹
803 2583 935 2670 pariter,
951 2583 1054 2648 donec
1075 2582 1118 2647 ad
1140 2582 1312 2668 planitiem
1335 2581 1501 2667 quandam
1517 2582 1560 2646 ab
1576 2582 1714 2667 antiquo

661 2686 828 2761 incultam,
845 2707 920 2770 quae
943 2685 1008 2750 sita
1030 2689 1080 2750 est
1098 2685 1202 2770 juxta
1224 2684 1314 2748 viam
1330 2683 1463 2769 regiam,
1480 2685 1715 2769 pervenissent.

662 2782 780 2848 Obiter
803 2788 914 2848 autem
931 2781 1212 2869 colloquebantur,
1230 2789 1269 2848 ut
1284 2782 1367 2847 solet
1382 2782 1506 2846 amicus
1522 2805 1595 2848 cum
1612 2784 1716 2849 amico

662 2889 888 2966 coitinerante,
913 2896 987 2953 tum
1019 2889 1059 2952 de
1086 2888 1219 2953 moeniis
1243 2889 1364 2952 dirutae
1395 2887 1549 2969 civitatis„
1581 2896 1652 2954 tum
1677 2890 1740 2953 de.

662 3012 758 3054 amne
781 2990 954 3065 diminuto,
972 2996 1043 3054 turn
1068 2991 1108 3054 de
1124 2994 1232 3055 strata
1254 2989 1419 3055 communi
1443 2990 1615 3076 adjacente
1637 2991 1740 3056 civi-.

664 3094 737 3171 tati,
762 3099 835 3156 tum
860 3091 900 3155 de
924 3092 1056 3157 nomine
1082 3093 1265 3178 utriusque,
1288 3100 1361 3157 tum
1385 3095 1424 3159 de
1448 3095 1595 3158 adventu
1626 3094 1742 3158 beati.

664 3194 865 3280 Arnphibali‚
888 3194 1038 3280 magistri
1073 3196 1133 3271 sui,
1157 3195 1191 3259 in
1224 3196 1403 3275 civitatem,
1435 3219 1495 3283 pro
1527 3197 1620 3282 cujus
1643 3197 1740 3261 reli-.

666 3297 751 3382 quiis
774 3298 838 3361 iter
860 3295 1030 3382 agebatur,
1055 3300 1128 3360 tum
1163 3297 1203 3362 de
1233 3319 1362 3363 recessu
1393 3300 1436 3364 ab
1458 3299 1600 3364 invicem
1624 3298 1741 3364 lacri·.

664 3399 788 3477 mabili,
814 3404 886 3463 tum
911 3399 951 3463 de
975 3398 1149 3484 utriusque
1172 3401 1331 3486 passione.
1371 3401 1417 3467 Et
1432 3423 1635 3487 quacunque
1653 3400 1741 3466 Ro..

664 3502 776 3567 bertus
799 3501 1025 3585 interrogare²
1042 3501 1184 3577 volebat,
1201 3503 1319 3566 martir
1335 3511 1487 3590 prompta
1510 3527 1548 3568 ac
1572 3503 1742 3590 benigna.

665 3604 872 3690 responsione
906 3602 1095 3668 disserebat.
1156 3604 1306 3691 Contigit
1340 3610 1460 3681 autem,
1488 3611 1527 3670 ut
1557 3606 1644 3671 inter
1674 3606 1742 3671 lo-.

665 3707 833 3791 quendum
863 3707 1022 3792 quosdam
1053 3710 1251 3774 mercatores
1282 3707 1323 3771 dc
1355 3709 1573 3794 Duuestoplia
1603 3709 1743 3773 obvios.

666 3807 835 3889 haberent,
868 3809 925 3894 qui
963 3831 1059 3874 nrane
1091 3809 1249 3873 interesse
1287 3809 1349 3875 fori
1387 3812 1530 3897 negotiis
1568 3812 1607 3875 in
1635 3833 1742 3899 pago.

667 3911 781 3976 Sancti
811 3911 935 3975 Albani
966 3911 1177 3976 festinabant.
1238 3911 1384 3992 Quorum
1419 3913 1602 3979 adventum
1635 3935 1744 4001 prae·.

667 4013 777 4077 dicens
812 4013 937 4090 martir,
963 4013 1109 4078 Itoberto
1145 4013 1242 4093 dixit,
1274 4024 1290 4049 “
1307 4015 1521 4081 Divertaurus
1545 4016 1742 4104 paulisper„

666 4116 769 4181 donec
792 4115 1044 4202 pertransierint
1067 4115 1296 4193 adventantes,
1321 4139 1362 4182 ne
1385 4117 1468 4183 forte
1491 4118 1555 4182 iter
1569 4123 1743 4183 nostrum.

667 4219 874 4304 praepediant
896 4218 1211 4305 percunctando;”³
1234 4219 1290 4283 via
1313 4220 1401 4283 enim
1424 4221 1466 4284 ab
1489 4220 1561 4305 ipso
1584 4221 1743 4285 martire.

667 4318 873 4384 coruscavit.⁴
929 4319 1025 4400 Quod
1060 4326 1094 4386 et
1128 4319 1254 4385 factum
1296 4326 1353 4388 est.
1412 4321 1496 4387 Cum
1528 4329 1638 4388 autem
1676 4324 1743 4389 ad.

667 4423 813 4487 medium
845 4422 974 4487 circiter
1004 4420 1145 4501 itineris,
1178 4422 1237 4488 ubi
1270 4423 1345 4491 duae
1375 4424 1506 4490 arbores
1544 4425 1580 4489 in
1610 4425 1742 4492 medio.

667 4528 782 4590 stratae
824 4522 966 4604 fuerant,
999 4524 1237 4610 pervenissent,
1268 4525 1318 4592 ait
1348 4526 1475 4603 martir,
1507 4535 1523 4560 “
1540 4526 1742 4613 Hucusque.

667 4627 748 4690 (luxi
765 4626 959 4713 magistrum
975 4647 1085 4691 meum
1101 4627 1235 4691 beatum
1251 4627 1496 4714 Amplribalum,
1512 4650 1586 4692 cum
1601 4628 1744 4695 ultimo.

668 4728 702 4792 iu
726 4728 786 4793 liae
809 4730 880 4793 vita
903 4728 1065 4793 mundiali
1099 4728 1247 4794 dolentes
1270 4731 1542 4817 colloquebamur,
1567 4736 1648 4796 tunc
1678 4732 1744 4800 ab.

729 4915 908 4924 -...—-——-
922 4916 1000 4922 —--
1016 4916 1032 4922 ..-
1284 4914 1553 4922 ----—-—--—.-
1587 4915 1717 4923 m..-

703 5021 709 5049 ¹
720 5022 893 5086 perrexeruut]
913 5029 1073 5085 perexerunt.
1086 5022 1144 5072 MS.
1254 5022 1469 5088 lpcrrmrcrundo]
1481 5023 1724 5087 perermtsudo,MS.

702 5100 885 5164 ⁹interrmarc]
906 5101 1125 5166 interrogaretis.
1256 5103 1426 5168 ‘coruscariq
1446 5100 1612 5161 obumbravit,
1626 5103 1683 5154 MS.
