4442 6392
665 1201 713 1251 nn
735 1199 894 1251 rnurour
917 1200 1018 1252 arms
1042 1202 1197 1263 nesarci,
1222 1203 1288 1253 viz.
1310 1203 1470 1254 saeuum.
1533 1191 1598 1254 453

543 1371 612 1447 dus,
636 1392 742 1438 comes
765 1373 1000 1460 Tripolitanus,
1033 1374 1085 1438 eui
1120 1374 1352 1461 imputabatur
1374 1377 1478 1440 totius
1504 1385 1679 1442 mensal).
1694 1390 1766 1437 nse.

524 1472 670 1539 ‚sinistri
693 1480 831 1540 eventus
855 1477 891 1539 in
914 1477 1013 1541 Terra
1037 1476 1273 1542 Promissionis
1322 1478 1419 1558 Quod
1447 1479 1596 1564 pessimae
1609 1476 1736 1527 Denthof

522 1626 529 1640 .
542 1576 737 1663 suspicionis
759 1582 991 1664 argumentum
1015 1580 1166 1664 suscepit,
1184 1581 1263 1666 quia
1278 1602 1320 1645 ex
1334 1581 1455 1645 mentis
1475 1580 1596 1647 alicna-
1608 1544 1752 1675 giemi,

522 1678 631 1745 .ti0ne
654 1678 691 1743 in
713 1681 870 1745 extremis
892 1702 959 1745 non
985 1682 1178 1768 recognovit
1194 1682 1247 1747 vel
1270 1683 1507 1748 eukaristiam¹
1525 1706 1596 1748 sus-

541 1781 635 1867 cepit.
692 1781 769 1846 Hiis
796 1781 901 1869 igitur
923 1783 972 1848 ita
993 1784 1104 1868 gestis,
1129 1806 1189 1849 rex
1216 1807 1290 1850 oum
1321 1786 1469 1851 exercitu
1501 1786 1596 1851 baro·
1609 1789 1668 1853 Guy

540 1904 621 1947 uum
644 1884 747 1970 regni,
764 1885 820 1968 qui
845 1884 909 1948 sibi
931 1884 1150 1966 adheserant,
1165 1887 1298 1952 sociatis
1313 1888 1378 1953 sibi
1399 1856 1722 1974 Templa-iiam?

539 1992 573 2050 et
600 1986 846 2072 Hospitalariis,
870 1986 1064 2052 Venetianis
1088 1988 1198 2067 etiam,
1223 1990 1281 2075 qui
1316 2012 1422 2077 nuper
1454 1992 1716 2056 advene-armato

540 2092 625 2162 rant,
649 2109 723 2152 cunr
758 2087 985 2153 Januensibus
1020 2091 1211 2178 peregrinis,
1240 2093 1304 2156 iter
1327 2114 1440 2158 versus
1475 2057 1683 2158 ,rholo-Aere.

539 2188 694 2265 maidam,
733 2211 806 2275 quae
841 2189 906 2254 alio
947 2193 1079 2257 nomine
1118 2192 1236 2258 Achon
1274 2194 1404 2270 dicitur,
1444 2195 1593 2280 arripuit.

540 2291 643 2377 Cujus
668 2293 769 2358 robur
791 2294 955 2358 veraciter
976 2294 1195 2359 numeratus⁹
1224 2296 1266 2360 ad
1299 2297 1342 2361 ix.
1368 2296 1461 2360 milia
1487 2318 1592 2362 ernnu-

541 2398 649 2459 torum
673 2395 828 2461 excrevit.

756 2585 878 2651 Actora
900 2608 923 2652 u
948 2584 1162 2652 Christianis
1184 2586 1362 2653 obsidetur.

370 2745 528 2825 Ropwenc
587 2722 658 2787 Rex
689 2724 801 2810 itaque
824 2723 848 2789 J
850 2724 1125 2799 erosolimitanus,
1149 2746 1223 2790 cum
1247 2725 1496 2790 Tholomaidam
1519 2746 1591 2812 per·
1605 2743 1679 2810 Siege
1690 2742 1720 2798 ot

404 2814 496 2867 ⁵⁸³³·
540 2826 692 2905 venisset,
716 2827 795 2891 fecit
817 2849 930 2893 omnes
952 2849 1028 2893 suos
1050 2829 1087 2892 in
1117 2827 1233 2893 collem
1257 2828 1429 2894 ascendero
1461 2811 1681 2893 nivisium·

539 2928 695 3006 vicinum,
719 2951 828 3016 quem,
845 2951 883 2996 eo
906 2929 994 3017 quod
1016 2929 1060 2994 ad
1083 2929 1191 2995 instar
1213 2930 1316 2996 turris
1339 2937 1468 2997 erectus
1490 2931 1535 2995 sit
1559 2931 1594 2995 in

528 3031 670 3097 -sullime
709 3038 744 3097 ct
774 3032 946 3110 rotundus,
980 3033 1151 3097 Turonum
1183 3055 1204 3096 a
1237 3033 1339 3121 vulgo
1373 3039 1592 3120 nuncupatur.

539 3134 635 3200 Mons
658 3143 770 3200 autern
798 3135 860 3200 iste
883 3158 904 3199 a
926 3140 1021 3222 parte
1044 3136 1138 3202 urbis
1161 3135 1315 3201 orientali
1339 3137 1508 3224 consurgit
1524 3136 1592 3201 edi·

387 3238 431 3289 sol.
446 3242 507 3290 7⁵⁶-
537 3237 610 3312 tior,
633 3239 725 3303 etin
748 3237 889 3303 circuitu
916 3238 1014 3324 longe
1037 3237 1230 3324 porrectus³
1253 3239 1289 3303 in
1312 3240 1412 3325 plana
1433 3239 1591 3303 diffundi-

538 3344 600 3404 tur.
649 3339 713 3404 Die
745 3340 850 3424 igitur
881 3339 983 3403 tertia
1016 3347 1091 3425 post
1121 3362 1217 3405 suum
1249 3342 1441 3419 uoluentem,
1477 3340 1589 3405 urbem

539 3439 721 3506 Christiani
745 3440 899 3505 obsident
922 3439 1091 3505 obsidione
1107 3441 1357 3517 instantissima,
1381 3464 1455 3527 qnae
1478 3448 1592 3527 postca

538 3565 604 3608 non
631 3542 753 3608 defecit
776 3542 943 3627 usquead
968 3547 1100 3629 tempus
1123 3565 1188 3628 quo
1211 3548 1308 3629 capta
1330 3543 1395 3606 suit
1417 3566 1435 3606 a
1460 3543 1591 3630 regibus¹

540 3646 739 3711 Francorum
755 3651 798 3710 'et
824 3644 1018 3730 Anglorum
1044 3644 1198 3730 Philippo
1222 3644 1347 3709 scilicet
1378 3651 1413 3710 et
1440 3644 1589 3720 Ricardo

370 3762 524 3842 Rogweno.
538 3753 637 3835 prout
659 3749 696 3812 in
723 3747 937 3835 sequentibus
962 3746 1096 3811 dicetur.
1153 3746 1246 3811 Adeo
1269 3745 1403 3833 quidem
1426 3746 1590 3833 peregrini

403 3836 496 3881 ¹¹·⁴³⁴·
537 3851 699 3938 simplices
721 3857 757 3916 et
780 3849 897 3916 mediae
921 3871 1038 3914 manus
1060 3848 1210 3914 homines
1236 3847 1412 3914 bellatores
1435 3855 1591 3937 concepto

537 3954 724 4020 devotionis
753 3954 881 4019 fervore
917 3952 1094 4031 ducuntur,
1118 3952 1215 4038 qnod,
1246 3951 1314 4017 suis
1349 3950 1502 4040 regibus*
1538 3951 1590 4016 vel

537 4058 681 4124 dominis
704 4079 771 4122 non
799 4055 1008 4143 exspectatis,
1031 4055 1074 4120 ab
1104 4053 1262 4121 extremis
1293 4053 1410 4119 mundi
1440 4053 1591 4141 partibus

536 4160 708 4226 confluunt
731 4159 875 4224 Domino
901 4158 1034 4225 Christo
1057 4157 1221 4224 servituri.

596 4368 834 4437 Soluluuliuus
857 4367 898 4434 ub
922 4367 1044 4434 Actora
1067 4368 1232 4454 confusus
1254 4366 1384 4433 rocenat
1409 4363 1543 4432 iratus.⁵

369 4516 525 4598 κομψὰ,
584 4495 657 4561 Rex
673 4501 785 4560 autem
801 4495 824 4560 J
826 4493 1083 4569 erosolinrorum,
1100 4491 1316 4558 multitudine
1332 4492 1475 4558 vallatus
1498 4513 1587 4579 pere·

402 4585 495 4639 ΜΝ·
537 4597 816 4684 g1·inor·run‚fccit
839 4618 953 4662 omnes
984 4618 1061 4662 suos
1095 4596 1137 4661 de
1160 4595 1293 4661 Turono
1324 4594 1528 4672 descendere,
1553 4600 1588 4659 ot

786 4748 910 4756 --.--,-
921 4748 948 4755 .-.
967 4748 971 4753 .
982 4747 990 4754 .
1003 4748 1005 4753 v
1020 4745 1589 4755 --—--—-----——---q-—.-—-—

571 4819 577 4847 ¹
591 4817 762 4883 eukaristiam]
784 4818 874 4868 Added
886 4817 911 4867 in
924 4832 1003 4883 marg.
1056 4823 1060 4875 ζ
1083 4825 1181 4875 rectum,
1197 4818 1247 4867 and
1264 4831 1293 4867 so
1310 4816 1336 4866 iu
1349 4816 1389 4865 W.
1402 4837 1409 4877 ς
1424 4824 1586 4882 prospectum,

569 4898 741 4962 ²nuruerdlus]
762 4897 807 4945 All
826 4896 867 4946 the
885 4895 960 4947 MSS.
979 4896 1038 4945 read
1084 4895 1118 4944 A.
1131 4894 1160 4947 C.
1173 4895 1206 4945 l).
1219 4895 1239 4945 l.

536 4975 602 5036 thus,
620 4977 666 5026 but
686 4976 711 5024 in
730 4976 793 5025 Fno.
815 4977 864 5025 and
886 4977 925 5025 cd.
949 4975 1038 5025 chd.
1117 4973 1247 5040 stupidus]
1268 4975 1372 5037 legibus,
1385 4973 1440 5025 Ms.

536 5055 665 5104 corrected
678 5062 832 5104 ruuuerumm.
1116 5047 1327 5108 ³Salahudiuus.
1341 5092 1346 5104 .
1361 5091 1366 5103 .
1380 5054 1472 5120 frutus]
1500 5061 1540 5107 On
1554 5071 1585 5106 un

568 5135 577 5163 ⁸
585 5133 727 5200 porrectus]
749 5133 785 5184 ,lt
801 5132 857 5183 first
869 5134 969 5184 written
979 5151 1038 5200 por·
1083 5147 1190 5184 erasure.
