4442 6392
629 1169 672 1234 92
742 1184 908 1234 usuram
931 1182 1145 1233 raasrausrs
1167 1181 1331 1233 msronm
1353 1181 1551 1234 monoauu.

655 1446 883 1514 Boarauadaa
912 1443 1078 1513 victualia
1107 1466 1271 1532 qaaercaa,
1295 1445 1421 1512 maltos
1450 1445 1640 1513 Taurorum

1061 1547 1238 1634 interfecit.

409 1692 412 1697 ’
454 1701 524 1752 AJ).
538 1708 609 1754 1097.
669 1688 815 1754 Ciuitate
837 1688 950 1774 itaque
983 1688 1018 1752 in
1050 1688 1139 1753 hunc
1161 1688 1295 1752 modum
1318 1688 1454 1766 obsessa,
1477 1688 1840 1776 locaverunenquena

454 1794 576 1874 l’rogress
584 1797 615 1847 of
622 1790 788 1856 machinas
817 1813 893 1856 suas
925 1791 962 1854 in
994 1789 1073 1855 locis
1102 1789 1316 1877 opportunis,1
1347 1789 1506 1877 petrarias
1536 1791 1667 1870 scilieet,
1723 1781 1750 1816 ¹¹·
1763 1773 1804 1818 ⁹³·

453 1860 584 1928 ²h⁰⁸¹⁰⁸⁰'
620 1894 812 1959 trubuculos
841 1899 876 1958 et
906 1894 1139 1980 mangonellos,
1162 1914 1206 1958 ex
1235 1892 1355 1978 quibus
1385 1893 1514 1959 crebros
1543 1893 1669 1980 lapides

619 1997 826 2076 emittebant,
850 2002 884 2062 et
914 1996 1057 2084 dampna
1086 2018 1161 2083 quae
1191 1995 1319 2061 civibus
1344 1995 1478 2062 inclusis
1508 2001 1667 2062 terrorem

618 2121 686 2165 non
707 2100 883 2164 minimum
904 2100 1118 2176 incusserunt,
1142 2099 1342 2186 irrogabant.
1390 2098 1570 2165 Castellum
1586 2121 1667 2186 quo·
1678 2112 1838 2192 Rogarem

619 2225 682 2289 qne.
705 2202 850 2290 ligneum
881 2201 986 2267 latum
1017 2208 1248 2289 componentes
1277 2208 1311 2268 et
1341 2203 1455 2282 altum,
1480 2204 1666 2270 balistarios
1723 2196 1750 2231 ¹¹·
1763 2189 1804 2234 ⁹⁴·

618 2328 693 2371 cum
715 2304 972 2392 speculatoribus
1005 2306 1042 2369 in
1073 2326 1111 2370 eo
1133 2311 1229 2371 caute
1252 2303 1452 2385 locaverunt,
1477 2308 1593 2393 quiin
1615 2308 1685 2373 in·.

617 2408 708 2473 sidiis
731 2408 855 2473 civium
869 2408 1052 2486 constituti,
1068 2407 1145 2473 telis
1164 2408 1279 2494 ignitis
1294 2413 1328 2473 et
1350 2410 1522 2475 venenatis
1544 2411 1666 2476 multos

617 2513 690 2577 neci
719 2533 761 2578 ex
794 2511 944 2576 hostibus
977 2511 1195 2577 tradiderunt
1240 2511 1339 2576 Turci
1361 2533 1379 2576 e
1401 2513 1567 2579 contrario
1597 2536 1667 2578 ma·

618 2615 730 2680 chinaa
763 2636 823 2700 pro
856 2613 1016 2679 machinis
1038 2613 1287 2691 constituentes,
1320 2614 1389 2679 tela
1419 2637 1479 2701 pro
1517 2615 1602 2695 telis,
1632 2622 1666 2681 et

617 2716 742 2803 lapides
763 2738 824 2804 pro
847 2715 1020 2803 lapidibus,
1043 2716 1081 2780 in
1110 2716 1358 2803 peregrinorum
1388 2718 1566 2803 perniciem
1596 2741 1665 2784 non

616 2819 760 2905 segniter
781 2817 985 2884 remiserunt.
1031 2818 1188 2896 Tandem,
1210 2819 1392 2884 innumeris
1414 2819 1491 2886 hinc
1513 2821 1592 2886 inde
1614 2822 1664 2885 in·
1693 2839 1736 2890 fol
1749 2840 1810 2891 aab.

616 2920 772 2999 terfectis,
796 2927 830 2986 et
852 2921 996 2985 maxime
1026 2941 1069 2986 ex
1099 2920 1166 2984 illis
1197 2921 1254 3006 qui
1283 2921 1442 2986 victualia
1463 2923 1664 3008 quaerebant,

617 3023 841 3089 deficientibus
864 3022 1038 3099 alimentis,
1067 3022 1221 3087 dominus
1251 3023 1465 3089 Boamundus
1495 3030 1530 3090 et
1559 3048 1666 3091 comes

617 3125 828 3191 Flandrensia
851 3125 1024 3204 Robertus,
1048 3125 1088 3190 de
1119 3126 1286 3190 communi
1316 3127 1459 3205 consili0,
1483 3134 1523 3193 ut
1546 3129 1667 3215 pabula

614 3233 807 3316 quaererent,
829 3229 989 3294 exierunt.
1033 3227 1219 3293 Audientes
1240 3234 1352 3294 autem
1375 3229 1518 3296 anchos
1540 3252 1608 3296 esse
1630 3232 1666 3296 in

614 3331 757 3418 quodam
780 3331 914 3397 castello
936 3336 971 3396 et
1004 3330 1086 3395 villa
1120 3353 1249 3418 magna,
1279 3331 1316 3395 in
1345 3332 1479 3419 regione
1508 3333 1665 3411 hostium,

613 3435 709 3500 bonis
725 3435 878 3499 omnibus
891 3433 1019 3510 referta,
1035 3433 1175 3520 profecti
1196 3439 1276 3499 sunt
1290 3435 1370 3500 illuc
1384 3456 1459 3499 curn
1482 3435 1666 3521 legionibus

615 3538 702 3619 snis3
725 3537 785 3602 ubi
798 3536 921 3614 multis,
946 3535 1018 3601 Deo
1033 3536 1174 3616 volente,
1190 3558 1211 3601 a
1224 3537 1336 3624 paucis
1358 3537 1541 3616 trucidatis,
1563 3539 1667 3625 spolia

448 3653 582 3704 Desertor
615 3641 720 3705 multa
742 3640 780 3704 in
809 3661 884 3705 suos
913 3661 993 3704 usus
1022 3643 1241 3726 reportarunt.
1289 3640 1525 3726 Cognoverunt
1553 3647 1666 3707 autem

446 3720 584 3852 ffissffl
615 3743 765 3831 praedicti
779 3743 941 3830 principes
955 3765 1015 3830 per
1028 3741 1250 3829 exploratores
1264 3764 1348 3821 suos,
1364 3742 1567 3808 Turehorum
1582 3744 1666 3807 mul-

447 3863 525 3905 count
535 3855 565 3904 oc
615 3847 793 3912 titudinem
807 3846 844 3910 in
858 3845 1007 3933 proximo
1022 3845 1249 3925 constitutam,
1269 3850 1384 3910 contra
1398 3866 1497 3931 quam
1512 3846 1664 3912 comitem

447 3922 576 4039 ἓξὲξ]
616 3949 850 4015 Flandrensem
865 3948 990 4015 direxit
1006 3948 1221 4014 Boamundus
1236 3970 1310 4012 cum
1325 3949 1407 4013 viris
1429 3949 1641 4014 communitis
1656 3975 1664 4030 3

447 4057 533 4108 muna
612 4053 682 4140 ipse
714 4051 895 4136 majoribus
924 4051 1025 4138 copiis
1054 4051 1197 4137 stipatus
1226 4051 1301 4115 ilico
1323 4057 1500 4117 secuturus.
1546 4051 1663 4117 Comes

612 4177 700 4233 vcro,
718 4155 755 4219 in
771 4176 866 4241 opere
880 4154 933 4218 vir
955 4159 1107 4219 strenuus
1124 4159 1158 4219 et
1173 4153 1340 4240 probatus,
1354 4154 1391 4218 in
1413 4153 1522 4219 hostes
1544 4155 1664 4220 acriter

611 4259 748 4337 irruens,
771 4263 904 4322 centum
926 4278 968 4321 ex
990 4255 1038 4320 eis
1058 4255 1169 4342 gladio
1190 4256 1336 4342 peremit.
1382 4256 1536 4342 Dumque
1557 4258 1666 4323 victor

612 4362 656 4427 ad
678 4361 780 4426 socios
800 4359 933 4439 rediret,
956 4379 1028 4424 ecce
1050 4357 1109 4422 alii
1132 4359 1355 4444 exploratores
1384 4359 1491 4424 multo
1512 4359 1663 4426 fortiores

612 4463 773 4529 nunciant
794 4463 982 4541 adventare,
1005 4482 1047 4525 ex
1069 4460 1134 4525 alio
1155 4460 1258 4525 latere
1281 4465 1489 4546 emergentes.
1537 4462 1662 4529 Contra

612 4589 694 4654 quos
716 4564 911 4630 adveniente
944 4564 1147 4641 Boamundo‚
1170 4563 1398 4650 multiplicatis
1425 4564 1553 4629 viribus
1574 4567 1662 4633 inec·

611 4672 734 4746 dentes‚
750 4668 874 4755 praevia
896 4666 959 4732 Dei
972 4666 1088 4753 gratia,
1104 4687 1217 4730 omnes
1232 4667 1268 4730 in
1281 4665 1394 4753 fugam
1416 4670 1662 4754 compulerunt;

611 4779 645 4838 et
668 4771 763 4859 quasi
784 4792 842 4856 per
865 4771 929 4835 duo
952 4770 1094 4833 miliaria
1116 4771 1321 4856 insequentes
1343 4792 1406 4849 eos,
1429 4777 1572 4860 stragem
1592 4796 1661 4839 non

611 4876 773 4943 modicam
796 4873 947 4938 hostibus
976 4873 1171 4938 intulerunt.
1218 4872 1365 4959 Indeque
1395 4897 1470 4940 cum
1491 4877 1659 4964 triumpho

934 5131 941 5161 ¹
954 5130 1108 5194 opportunis]
1128 5130 1265 5194 oportunis,
1277 5130 1334 5182 MS.
