4442 6392
650 1164 716 1226 304
777 1176 943 1227 usuram
972 1172 1189 1227 rausrausrs
1211 1173 1377 1225 mercam
1395 1173 1597 1224 mosenum.

474 1470 633 1523 A.D.11⁵5.
662 1458 766 1545 Papo
787 1456 976 1523 Adrianus
997 1455 1157 1522 insulam
1182 1455 1367 1540 Hybemaiee
1390 1454 1462 1540 regi
1485 1454 1687 1539 duplorum

1021 1558 1060 1624 H
1063 1558 1209 1646 [erarico]
1232 1558 1333 1624 dulit.

475 1713 633 1781 Henryssks
692 1710 755 1776 Per
786 1710 874 1775 idem
905 1715 1037 1796 tempus
1068 1731 1128 1774 rex
1157 1677 1339 1796 anglorum
1371 1707 1537 1774 Henricus
1566 1707 1706 1773 nuncios
1719 1716 1884 1785 Rogwend

474 1783 544 1927 ξζέἒ
550 1783 583 1899 {ff
590 1783 633 1834 ὼε
646 1813 842 1901 sollempnes
867 1813 1006 1878 Romam
1033 1813 1181 1892 mittens,
1206 1813 1339 1899 rogavit
1366 1834 1485 1899 papam
1506 1810 1706 1886 Adrianum,
1752 1786 1778 1838 it
1792 1794 1852 1841 ²⁸¹·

475 1917 566 1965 invade
644 1922 684 1981 ut
710 1915 774 1980 sibi
799 1915 921 1994 liceret,
949 1915 1020 1980 siue
1046 1915 1200 1980 scandalo
1226 1914 1371 1980 laesionis
1397 1915 1477 1979 fidei
1495 1914 1723 1992 Christianae„

474 1983 583 2033 Ireland.
646 2018 821 2084 Hiberniae
844 2018 987 2083 insulam
1011 2018 1147 2097 intrare,
1164 2023 1199 2082 et
1222 2023 1345 2083 terram
1369 2016 1471 2093 illam,
1488 2017 1597 2081 locum
1611 2016 1722 2080 vide.

643 2121 721 2187 lieet
767 2120 911 2186 horroris
949 2127 982 2186 et
1019 2125 1125 2186 vastae
1164 2119 1364 2196 solitudinis,
1402 2124 1523 2206 utpote
1561 2119 1724 2184 limbum.

644 2224 769 2302 mundi,
802 2223 867 2289 sibi
890 2228 924 2289 et
947 2222 1010 2288 Dei
1042 2222 1149 2288 cultui
1180 2223 1381 2309 subjugare;
1415 2227 1518 2308 atque
1553 2222 1724 2286 homines.

644 2327 719 2392 illos
744 2326 900 2391 bestiales
934 2326 977 2390 ad
1010 2327 1110 2391 fidem
1133 2332 1169 2392 ct
1191 2326 1281 2391 viam
1314 2325 1471 2391 reducere
1493 2324 1646 2389 veritatis
1669 2330 1704 2389 et

644 2427 891 2494 obedientiam¹
918 2428 1062 2495 ecclesiae
1086 2429 1254 2494 Romsuae.
1301 2427 1398 2509 Quod
1425 2449 1512 2515 papa
1534 2428 1604 2514 regi
1627 2449 1703 2515 gra·

644 2537 757 2600 tenter
779 2554 939 2610 annuens,
962 2531 1023 2597 hoe
1047 2532 1077 2597 ei
1099 2531 1312 2621 privilegium
1335 2531 1526 2597 destinavit.

1018 2825 1143 2892 Literce
1165 2825 1334 2914 populeae

474 2978 553 3044 Papal
678 2965 827 3022 Adrianus
857 2967 1021 3038 episeopus,
1060 2985 1163 3022 servus
1196 2986 1349 3024 servorum
1380 2968 1446 3033 Dei,
1478 2967 1634 3023 karissimo
1669 2967 1875 3035 innuamus

473 3047 558 3096 leiim
585 3110 592 3124 ι
645 3047 763 3105 Christo
792 3047 904 3121 [filio],³
931 3051 1043 3106 illustri
1073 3051 1240 3122 Anglorum
1264 3052 1340 3123 regi,
1361 3053 1484 3107 salutem
1511 3058 1541 3106 et
1565 3052 1701 3124 apostoli·
1744 3036 1771 3088 li·
1785 3043 1845 3089 ²⁸²·

473 3125 631 3230 {fflffimss
644 3150 709 3188 eam
726 3133 967 3190 benedictionem.
1007 3135 1208 3191 Laudabiliter
1235 3143 1266 3192 et
1291 3136 1382 3192 satis⁴
1402 3137 1551 3192 fructuose
1577 3136 1613 3190 de
1638 3136 1700 3207 glo-

497 3277 502 3288 ,
575 3213 582 3230 “
643 3218 722 3274 rioso
745 3219 861 3274 nomine
880 3220 949 3274 tuo⁵
967 3220 1155 3292 propagando
1173 3221 1205 3275 in
1230 3222 1328 3284 terris,
1349 3227 1379 3276 et
1405 3226 1522 3276 aeternae
1549 3221 1701 3276 felicitatis

643 3303 765 3374 praemio
783 3303 959 3358 cumulando
977 3304 1008 3358 in
1026 3304 1120 3368 coelis,
1141 3309 1194 3360 tua
1220 3305 1440 3376 magnificentia
1465 3307 1586 3376 cogitet,
1606 3304 1702 3360 unde‘

643 3387 681 3442 ad
702 3387 866 3442 dilatandos
885 3388 1017 3443 eoelesiae
1042 3388 1194 3453 terminos,
1223 3389 1261 3444 ed
1288 3389 1494 3444 declarandam
1521 3389 1646 3445 indoctis
1671 3395 1701 3444 et

642 3471 766 3527 rudibus
792 3473 909 3544 populis
936 3471 1112 3528 Christianae
1141 3473 1210 3528 fidei
1227 3473 1392 3538 veritatem,
1413 3479 1444 3528 et
1460 3474 1602 3529 vitiorum
1619 3474 1700 3545 plun-

643 3557 719 3611 taria
737 3557 773 3612 de
792 3577 864 3628 agro
883 3558 1036 3613 Dominioo
1055 3557 1251 3629 exstirpanda,
1273 3559 1351 3612 sieut
1376 3558 1538 3613 catholicus
1563 3559 1700 3630 princeps

643 3640 780 3705 intendis,
801 3642 886 3697 etad
904 3642 935 3697 id
953 3643 1173 3697 convenientius
1198 3642 1412 3713 exequendum,
1439 3642 1593 3698 consilium
1622 3642 1701 3697 sedis

644 3725 811 3795 apostolieae
840 3726 934 3795 exigis
964 3731 994 3780 et
1020 3726 1170 3791 favorem3
1204 3723 1249 3796 [in
1275 3744 1333 3797 quo
1359 3727 1435 3781 sacto
1463 3732 1571 3797 quanto
1602 3726 1700 3781 altiori

645 3808 767 3863 consilio
786 3815 815 3863 ot
833 3810 938 3880 majori
956 3809 1126 3865 discretioni
1139 3807 1319 3881 procedis,]⁷
1338 3816 1418 3865 tanto
1437 3810 1467 3866 in
1486 3827 1520 3864 eo
1538 3810 1700 3865 feliciorem

645 3909 834 3964 progressum
864 3900 903 3958 te,
933 3899 1091 3964 praestante
1120 3893 1254 3958 Domino,
1287 3894 1479 3949 confidimus⁸
1508 3894 1699 3949 habiturum.⁹

646 3976 826 4046 significasti
846 3977 993 4048 siquidem
1010 3979 1105 4043 nobis,
1120 3977 1163 4032 fili
1181 3978 1213 4033 in
1225 3978 1343 4034 Christo
1361 3979 1526 4044 karissime,
1541 3986 1570 4033 te
1583 3978 1698 4051 Hyber·

708 4138 831 4142 «β..-
1187 4136 1414 4142 -.,.-.-.-.-,-
1430 4126 1500 4142 “-.--.

680 4229 875 4296 ¹obedientiam]
906 4230 1080 4291 obidientiam,
1092 4230 1150 4282 MS.
1229 4231 1547 4298 ’inqno....procedis]
1579 4233 1699 4298 Supplied

678 4313 688 4340 ²
700 4310 764 4359 This
782 4310 835 4360 bull
853 4311 874 4359 is
889 4311 991 4373 printed
1006 4309 1033 4358 in
1045 4309 1149 4374 Rymer,
1194 4311 1260 4360 from
1271 4311 1314 4361 W.
1323 4312 1357 4362 A.
1370 4312 1399 4363 C.
1412 4312 1454 4371 Ι).,
1465 4311 1523 4361 Die.
1536 4313 1586 4362 and
1597 4313 1673 4378 Rym.

644 4389 660 4440 i.
675 4395 713 4452 19,
724 4389 783 4439 edit.
795 4393 867 4450 1816,
885 4388 949 4438 stom
961 4403 977 4438 e
992 4404 1057 4454 copy
1069 4387 1100 4437 of
1106 4388 1150 4439 the
1228 4389 1405 4456 'confidimus]
1426 4391 1516 4440 Abore
1527 4389 1578 4440 this
1590 4393 1659 4441 word
1676 4393 1698 4444 is

649 4469 708 4520 leth
736 4475 802 4520 cent.
826 4469 853 4517 in
877 4469 935 4518 MS.
960 4467 1027 4519 Cott.
1052 4467 1150 4528 Claud,
1194 4468 1295 4519 written
1318 4470 1357 4527 tis,
1380 4485 1409 4518 so
1430 4485 1458 4520 aa
1481 4477 1508 4519 to
1530 4478 1633 4535 suggest
1655 4472 1698 4520 the

644 4549 675 4598 E.
689 4547 752 4608 viii,
763 4545 847 4597 which
867 4546 890 4596 is
906 4544 1036 4611 evidently
1047 4546 1150 4597 derived
1193 4549 1298 4614 reading
1316 4547 1446 4612 confiditis.
1485 4550 1515 4599 F.
1534 4564 1621 4614 agrees
1637 4549 1698 4600 with

644 4629 709 4677 stom
720 4626 820 4684 Diceto,
832 4626 923 4690 Ymag.
936 4625 1012 4685 Hist,
1024 4625 1070 4675 eol.
1084 4630 1141 4676 529.
1194 4627 1237 4677 the
1245 4634 1307 4677 text

677 4706 763 4773 ¹filio]
794 4706 916 4773 Supplied
936 4707 1002 4756 stom
1020 4707 1060 4758 W.
1072 4707 1106 4756 A.
1120 4706 1148 4757 C.
1227 4705 1401 4772 ’labitur-um]
1422 4706 1499 4757 Alter
1516 4706 1567 4756 this
1578 4709 1649 4758 word
1665 4723 1698 4758 an

645 4789 677 4838 l).
690 4788 740 4838 and
752 4786 849 4837 Diceto.
1194 4786 1332 4836 additional
1350 4800 1457 4850 passage
1471 4787 1494 4836 is
1510 4787 1587 4836 found
1600 4788 1626 4837 in
1638 4787 1697 4838 Die.

678 4869 807 4933 ‘eteotr's]
827 4867 1140 4933 satiset,Dic.andltym.
1193 4867 1244 4916 and
1267 4866 1352 4931 Rym„
1374 4866 1459 4916 which
1481 4866 1503 4915 is
1525 4866 1640 4918 followed
1664 4869 1697 4933 by

678 4946 753 5012 *tuo]
774 4945 830 4996 Om.
843 4945 1048 5013 Dicandltym.
1193 4945 1236 4996 the
1267 4945 1408 5010 paragraph
1436 4945 1577 5011 beginning
1605 4946 1698 4998 “Sane

679 5023 776 5090 ἰωὰ]
795 5025 863 5086 dum,
883 5025 926 5075 W.
943 5027 974 5076 A.
987 5027 1016 5077 C.
1027 5026 1070 5084 Ι).,
1089 5025 1148 5075 Die.
1193 5024 1332 5075 Yberniam
1343 5032 1369 5074 et
1379 5037 1467 5076 omnes
1479 5025 1596 5076 insulas.”

646 5103 780 5170 sndRym.
1168 5102 1172 5160 l
