4442 6392
690 1195 737 1242 nr,
759 1194 919 1244 rsuroan
941 1195 1043 1244 naurs
1066 1196 1224 1257 unarum,
1243 1197 1309 1246 viz.
1331 1196 1489 1246 arcuum.
1551 1180 1616 1249 397

566 1389 680 1433 eorum
715 1369 849 1434 domino
883 1391 942 1435 suo
975 1370 1220 1436 restitutionem
1250 1370 1323 1435 fieri
1353 1371 1425 1457 pari
1455 1370 1618 1436 instantia
1629 1381 1698 1432 al).
1712 1385 1785 1435 nro.

567 1472 773 1558 flagitabant.
828 1471 953 1537 Nuncii
987 1478 1149 1560 praeterea
1186 1474 1223 1537 in
1249 1473 1325 1557 jure
1362 1471 1500 1539 confessi
1538 1479 1617 1538 sunt

566 1574 684 1660 palam,
708 1575 797 1641 inter
818 1598 909 1663 reges
931 1574 1086 1663 praefatos
1116 1581 1250 1663 treugas
1272 1598 1376 1662 usque
1398 1577 1615 1663 septennium,

566 1677 631 1742 fide
654 1677 858 1764 interposita,
874 1677 974 1743 fuisse
995 1677 1153 1744 firmatas
1199 1678 1273 1744 Rex
1294 1679 1400 1765 igitur
1425 1677 1619 1767 Anglorum,

566 1778 682 1845 habito
706 1803 779 1846 cum
810 1782 977 1868 episeopis,
1000 1781 1177 1848 comitibus
1210 1789 1245 1848 et
1278 1781 1457 1847 baronibus
1480 1782 1617 1847 oonsilio

567 1904 664 1969 super
686 1884 826 1969 querelis
840 1884 1045 1971 praetaxatis,
1067 1883 1145 1949 hine
1166 1883 1243 1949 inde
1266 1882 1431 1950 uiolenter
1446 1890 1480 1949 et
1494 1884 1617 1969 injuste

567 1985 697 2067 ablatis,
719 2008 794 2052 eum
824 1986 908 2051 nihil
939 1991 1055 2052 contra
1085 1986 1281 2054 violentiam
1312 1988 1470 2073 utrinque
1502 2008 1619 2074 propo

566 2088 665 2154 sitam
698 2111 719 2154 a
756 2094 850 2176 parte
880 2090 1043 2155 alterutra
1072 2089 1328 2177 responderetur
1367 2091 1528 2168 alterutri,
1559 2111 1619 2155 nee

402 2198 555 2278 Rqfflenu
568 2191 764 2277 quiequam,¹
805 2214 870 2278 quo
906 2193 1016 2258 minus
1057 2191 1310 2274 restitutiones?
1334 2216 1415 2281 quas
1452 2193 1618 2282 petebant,

432 2270 529 2320 ¹¹'³⁸⁷·
567 2293 724 2361 feriendae
747 2300 863 2374 essent,
887 2295 1092 2382 allegaretur,
1108 2297 1290 2384 plenariam
1304 2297 1437 2382 utrique
1459 2298 1546 2383 parti
1565 2318 1617 2360 su-

566 2398 800 2483 pradictorum,
832 2419 906 2483 quae
940 2397 976 2461 in
1005 2397 1081 2485 jure
1114 2399 1222 2485 petita
1244 2405 1349 2476 erant,
1371 2398 1618 2465 restitutionem

562 2499 734 2584 judicavit.
780 2500 948 2585 Adjunxit
979 2501 1089 2578 etiam,
1117 2506 1251 2588 treugas
1273 2501 1427 2588 praefatas
1452 2502 1618 2568 intereos

567 2602 631 2666 fide
655 2603 802 2667 firmatas
833 2603 1003 2688 usquead
1026 2603 1245 2669 constitutum
1275 2604 1455 2670 terminum
1477 2626 1546 2670 esse
1568 2604 1619 2668 in·

567 2704 767 2770 violabiliter
796 2706 1024 2771 observandas
1099 2705 1276 2771 Judieavit
1312 2707 1414 2772 etiam
1443 2728 1502 2793 pro
1531 2708 1618 2772 bono

566 2799 663 2893 pacis,
692 2814 732 2873 ut
769 2831 830 2873 rex
865 2808 1065 2874 Aldefonsus
1106 2808 1246 2874 donaret
1283 2808 1467 2873 liberaliter
1499 2808 1618 2874 Santio

567 2911 637 2997 regi
677 2911 816 2999 singulis
854 2913 950 2978 annis
987 2934 1093 2999 usque
1126 2913 1170 2977 ad
1205 2913 1400 2978 decennium
1429 2913 1497 2977 tria
1525 2913 1619 2978 milia

567 3014 850 3096 marbotinorum3
873 3023 908 3082 et
930 3016 977 3081 sie
999 3038 1112 3104 paoem
1142 3015 1304 3082 haberent
1336 3015 1379 3082 ad
1411 3015 1562 3095 invicem,
1585 3022 1619 3082 et

505 3207 507 3211 ¹
566 3124 759 3204 perpetuam
780 3118 938 3186 amicitiae
959 3119 1162 3184 firmitatem.

712 3348 808 3428 Item,
832 3350 872 3416 de
895 3351 1096 3417 audoritate
1119 3349 1208 3434 repis
1231 3350 1409 3437 Maurici]
1433 3350 1484 3416 II.

399 3505 556 3571 augment.
613 3493 812 3580 Eisdemque
836 3494 953 3560 diebus
975 3495 1089 3560 nuncii
1120 3494 1761 3581 Manuelis,Oonstantinopoli·1”nemes·

432 3574 458 3623 ἥ·
471 3576 528 3625 ³⁸⁷·
566 3596 641 3661 tani
678 3596 896 3683 imperatoris,
929 3598 1042 3662 nuncii
1065 3596 1208 3661 Romani
1240 3596 1447 3683 imperatoris
1481 3596 1617 3662 Frethe-
1630 3594 1734 3696 Ψ

567 3699 635 3774 rici,
667 3699 780 3764 nuncii
803 3698 970 3777 Willelmi,
1003 3697 1215 3765 Treverensis
1237 3698 1481 3786 archiepiscopi,
1505 3701 1617 3765 nuncii
1629 3712 1702 3764 other
1711 3731 1783 3767 sove-

568 3801 713 3879 Henria,
753 3801 846 3867 ducis
883 3801 1046 3882 saxonici,
1084 3800 1199 3866 nuncii
1236 3801 1450 3867 sardensis
1487 3803 1617 3868 comitis
1628 3780 1784 3913 {33:⁶0³

548 3903 723 3993 .Philippi,
738 3911 773 3971 et
794 3905 935 3971 aliorum
957 3910 1151 3992 magnatum
1172 3925 1232 3990 per
1254 3903 1520 3970 Christianitatis
1541 3904 1739 3970 lati-aunei

547 4009 719 4074 tudinem
750 4009 1014 4085 constitutorum,
1038 4028 1120 4093 quos
1149 4006 1244 4071 varia
1273 4006 1377 4072 ardua
1406 4011 1441 4072 et
1471 4006 1618 4074 difficilia

565 4111 744 4177 trahebant
759 4111 901 4199 negotia,
920 4117 1083 4198 tanquam
1099 4131 1142 4175 ex
1157 4110 1307 4176 condicto
1321 4110 1496 4192 communi,
1511 4112 1617 4199 pridie

566 4214 642 4279 idus
664 4214 864 4280 Novembris
884 4214 974 4301 apud
997 4212 1337 4292 westmonasterium,
1362 4212 1404 4279 de
1419 4214 1487 4279 suis
1509 4213 1617 4280 causis
1653 4250 1683 4296 12
1694 4246 1761 4300 po,

548 4324 602 4383 ‚et
632 4316 873 4404 quaestionibus
905 4316 1062 4383 edooendi
1096 4322 1330 4383 convenenmt.
1375 4317 1422 4382 Et
1451 4317 1518 4397 alii,
1542 4317 1617 4383 aliis

548 4420 772 4507 ¹temporibus
802 4424 837 4485 et
867 4419 954 4497 loeis,
986 4441 1045 4507 pro
1073 4418 1141 4484 suis
1167 4418 1309 4506 negotiis
1339 4418 1543 4507 dirigendis,³
1573 4420 1617 4486 ad

549 4525 692 4590 ,curiam
707 4524 793 4611 regis
814 4522 980 4611 magnifici
1003 4521 1151 4601 Henriei,
1167 4522 1269 4586 immo
1292 4521 1391 4587 etiam
1415 4523 1617 4590 Franmrum

547 4628 664 4694 ,electi
686 4627 853 4714 primates,
874 4625 968 4693 velut
990 4625 1034 4691 ad
1063 4625 1183 4691 soolam
1204 4623 1390 4712 prudentiae
1412 4629 1447 4691 et
1463 4626 1617 4712 justitia,

547 4732 715 4818 undique
738 4729 969 4796 confluxerunt
980 4753 989 4809 ;
1018 4727 1067 4794 ita
1088 4732 1129 4794 ut
1151 4726 1345 4793 viderentur
1367 4727 1509 4795 Arthuri
1531 4735 1614 4795 tem-

600 4978 761 5044 ¹quicquum]
780 4978 920 5044 quisquam,
938 4974 1004 5036 MS„
1016 4975 1066 5024 and
1146 4972 1314 5040 ’diripendirJ
1333 4974 1451 5028 Between
1462 4976 1615 5030 thelineair

566 5075 594 5110 so
604 5057 634 5110 C.
643 5058 675 5108 D.
1113 5053 1213 5106 written
1231 5051 1271 5104 vei
1285 5054 1384 5119 mdis,
1409 5056 1450 5109 ie.
1466 5057 1615 5110 dirimenda.

598 5137 796 5204 heumann]
814 5134 973 5201 restitueres,
984 5134 1041 5190 MS.
1112 5134 1253 5193 Mallon
1263 5133 1383 5192 uaaxa
