4442 6392
676 1129 741 1196 326
810 1142 976 1192 uamssr
1000 1141 1213 1194 communem
1237 1140 1398 1192 saroam
1421 1140 1622 1191 ascmsuu.

509 1329 579 1387 ΑΒ.
594 1333 665 1387 1164„
722 1318 759 1384 Si
782 1319 955 1404 quisquam
978 1317 1019 1381 de
1042 1316 1231 1403 proceribus
1252 1315 1346 1401 regui
1369 1314 1600 1381 deforciaverit
1622 1314 1727 1381 archi-

509 1407 595 1524 Wew
605 1405 659 1458 alc-
677 1421 834 1508 episcopo,
861 1420 930 1505 [vel
961 1417 1159 1505 episcopo,]¹
1194 1417 1247 1484 vel
1278 1415 1516 1496 archidiacono,
1543 1417 1585 1485 de
1615 1439 1650 1484 sc
1673 1418 1727 1483 vel

575 1513 581 1525 '
675 1523 747 1598 suis⁷
770 1521 941 1608 justitiam
964 1521 1130 1596 exhibere,
1153 1520 1307 1588 dominus
1329 1542 1389 1586 rex
1415 1519 1515 1586 debet
1544 1542 1599 1586 eos
1625 1520 1725 1606 justi-

675 1627 781 1706 ciare3
806 1631 840 1690 et
863 1626 892 1689 si
914 1624 1000 1688 forte
1023 1624 1144 1709 aliquis
1167 1622 1361 1688 deforciaret
1381 1623 1515 1688 domino
1538 1623 1608 1710 regi
1630 1623 1727 1690 recti·

675 1729 828 1795 tudinem
856 1748 960 1806 suam,
988 1725 1235 1812 archiepiscopi,
1258 1725 1411 1810 episcopi,
1443 1730 1478 1790 et
1507 1724 1727 1791 archidiaconi

537 1835 540 1841 ’
674 1831 797 1897 dehent
819 1851 895 1897 eum
912 1828 1094 1915 justiciore,
1118 1833 1157 1893 ut
1180 1827 1251 1913 regi
1273 1826 1460 1892 satisfaciat.

508 1930 593 2047 Μία·
603 1930 656 1982 ¹⁰¹⁸·
719 1933 851 2001 Octcdla
873 1953 995 2010 eorum,
1019 1931 1076 2016 qui
1103 1936 1184 1996 sunt
1206 1930 1242 1996 in
1264 1929 1433 1995 forisfacto
1457 1929 1554 2017 regis,
1579 1950 1648 1997 non
1671 1930 1727 1997 ds·

507 2014 580 2048 ’Μ’
675 2039 782 2105 tineat
805 2035 937 2102 ecclesia
959 2034 1012 2100 vel
1035 2032 1236 2100 cimiterium
1259 2035 1375 2098 oontru
1400 2031 1605 2118 justiciarios
1631 2032 1725 2119 ragis,

673 2141 753 2228 quia
785 2138 890 2225 ipsius
920 2138 1007 2224 regis
1047 2141 1135 2212 sunt,
1169 2135 1241 2200 sive
1283 2135 1320 2199 in
1354 2133 1497 2200 ecclesiis
1526 2134 1597 2200 sive
1629 2141 1726 2201 extra

563 2330 564 2334 Ἰ
673 2244 798 2310 fuerint
820 2241 968 2307 inventa.

537 2341 594 2392 Hoc
718 2343 846 2410 Placita
867 2342 909 2409 de
932 2340 1063 2419 debitis,
1082 2362 1157 2426 quse
1179 2339 1245 2408 fide
1267 2340 1467 2426 interposita
1482 2339 1654 2418 debentur,
1671 2340 1724 2406 vel

538 2410 654 2475 aptatu.
672 2448 796 2534 ΜΗΘ
818 2443 1070 2538 interpositione
1093 2440 1183 2522 fidei,
1209 2442 1278 2508 sint
1302 2442 1339 2506 in
1357 2441 1497 2529 justitia
1519 2442 1612 2529 regis

505 2555 590 2634 aaa
599 2556 653 2608 aa·
717 2550 795 2616 Filii
817 2548 1014 2615 rusticorum
1037 2568 1105 2613 non
1128 2544 1252 2612 debent
1274 2545 1424 2612 ordinari
1446 2544 1570 2632 absque
1592 2567 1726 2613 assensu

504 2632 578 2674 ’Μ’
672 2652 807 2733 domini,
830 2651 872 2717 de
894 2651 987 2737 cujus
1010 2655 1099 2717 terra
1120 2649 1193 2715 nati
1216 2647 1443 2715 dinoscuntur.

793 2784 999 2871 Expliciaot
1021 2783 1198 2870 raptatam
1221 2781 1416 2848 libertatum
1438 2780 1601 2868 capitula.

503 3035 625 3101 Thepre·
718 3015 816 3082 Hanc
837 3015 1093 3102 recognitionem
1125 3015 1196 3081 sive
1226 3015 1487 3080 recordationem
1518 3012 1558 3077 de
1588 3017 1899 3097 consue-Roptt‘end.

503 3103 627 3153 ¹⁸³⁸⁸⁸¹¹d
671 3118 845 3184 tudinibus
876 3124 910 3183 et
940 3117 1152 3183 libertatibus
1185 3117 1318 3205 iniquis,
1340 3121 1375 3181 et
1405 3116 1627 3203 dignitatibus
1650 3114 1722 3181 Deo
1768 3100 1797 3135 ¹¹'
1811 3092 1872 3139 ³⁰²·

502 3169 619 3286 griffi
649 3219 930 3299 detestabilibus,
955 3218 1197 3308 archiepiscopi,
1229 3219 1383 3307 episcopi,
1414 3218 1561 3299 abbates,
1591 3217 1722 3306 priores,

502 3304 650 3422 iumen·
671 3324 783 3401 clerus,
806 3345 880 3388 cum
903 3322 1089 3405 comitibus,
1115 3322 1295 3387 baronibus
1317 3343 1355 3386 ac
1376 3318 1564 3408 proceribus
1586 3320 1722 3398 cunctis,

501 3436 634 3488 statione.
666 3426 875 3513 juraverunt,
898 3430 932 3490 et
954 3425 1097 3490 firmiter
1123 3425 1159 3489 in
1182 3425 1284 3491 verbo
1318 3423 1470 3488 veritatis
1501 3423 1723 3508 promiserunt

669 3531 749 3595 viva
771 3550 849 3594 voce
872 3551 906 3592 se
929 3528 1089 3593 tenendas
1121 3531 1156 3592 et
1188 3527 1409 3591 observandas
1441 3524 1574 3591 domino
1596 3524 1665 3612 regi
1688 3531 1722 3591 et

669 3632 843 3698 heredibus
865 3630 941 3708 suis,
965 3630 1053 3695 bona
1075 3630 1141 3694 fide
1172 3634 1207 3694 et
1239 3627 1363 3716 absque
1398 3627 1485 3692 malo
1517 3627 1659 3714 ingenio,
1685 3627 1721 3691 in

668 3740 873 3823 perpetuum.
920 3731 1014 3797 Inter
1036 3731 1118 3797 alios
1141 3735 1261 3810 autem,
1285 3730 1350 3794 hiis
1373 3728 1527 3794 omnibus
1548 3729 1619 3816 ipse
1635 3729 1738 3796 Cam·

532 3898 535 3903 .
669 3836 846 3904 turriensis
868 3833 1131 3923 archiepiscopus
1153 3833 1297 3899 Thomas
1320 3831 1491 3898 consensit

668 4125 718 4192 De
739 4124 941 4213 maturato
958 4123 1091 4191 Thorace
1115 4124 1358 4215 archicpieccpi
1376 4149 1443 4214 pro
1464 4127 1719 4197 coraeaetadt'oi·

996 4227 1056 4294 beas
1077 4235 1196 4296 temera
1220 4229 1387 4297 ammessia.

498 4499 601 4571 repens
666 4481 900 4548 ecclesiasticas
926 4481 1039 4549 omnia
1068 4504 1128 4569 pro
1158 4483 1267 4562 libitu,
1292 4483 1510 4551 ecclesiastico
1537 4484 1612 4571 jure
1642 4507 1719 4552 cons

498 4558 627 4690 {ffiss
666 4589 803 4671 tempto,
837 4585 1025 4651 tacentibus
1055 4590 1116 4651 aut
1150 4586 1209 4651 vix
1247 4587 1530 4652 murmurantibus
1560 4587 1720 4675 episcopis

499 4697 612 4753 consent,

713 4377 792 4448 Hiis
825 4378 875 4445 ita
905 4379 1017 4469 gestis,
1048 4384 1197 4467 potestas
1223 4380 1307 4448 laica
1335 4382 1372 4449 in
1402 4404 1454 4448 res
1480 4389 1515 4448 et
1540 4384 1718 4469 personas²
1731 4389 1897 4512 &ip-{vogno-

672 4779 856 4786 μμ--
863 4779 882 4784 ...
892 4780 911 4784 ἡ
951 4780 965 4784 γ,
972 4780 1015 4784 --.

1567 4782 1717 4790 ——.-.—.

704 4886 761 4938 ¹vel
769 4889 894 4954 episcopo]
915 4889 1035 4956 SuppHed
1051 4889 1116 4939 from
1127 4888 1170 4941 W.
1252 4892 1313 4940 'res
1330 4899 1354 4940 et
1371 4893 1506 4957 personas]
1525 4900 1576 4943 tres
1593 4907 1720 4958 personas,
1764 4939 1770 4943 .

668 4965 703 5017 A.
716 4966 850 5022 cuma
862 4968 939 5022 Gerr.
1218 4969 1275 5023 Ms.
1285 4972 1334 5022 and
1344 4972 1375 5022 1³.
1399 4971 1718 5030 scammum
