4442 6392
646 1175 689 1236 98
764 1189 930 1239 MAT'I'HAEI
954 1188 1166 1238 Psnrsmnsrs
1189 1186 1353 1236 HISTORIA
1376 1186 1577 1236 rhenonum

672 1484 845 1552 Ricardue
868 1484 908 1551 dc
929 1485 1087 1571 Esoqoto
1111 1491 1247 1550 creetur
1269 1483 1368 1549 obbae
1390 1483 1513 1551 soma
1535 1481 1674 1548 Albani.

483 1637 552 1687 sl).
567 1641 637 1688 mer.
695 1621 793 1684 Anno
809 1641 936 1705 quoque
951 1620 1012 1684 sub
1039 1619 1153 1684 eodem
1179 1619 1337 1684 Ricardus
1360 1619 1400 1682 de
1422 1612 1573 1702 E‘xaquio
1596 1616 1697 1680 abbas
1709 1621 1867 1702 Rogwend.

482 1729 632 1808 nienstede
650 1728 779 1788 creatur
801 1722 916 1788 Sancti
937 1721 1061 1786 Albani
1073 1748 1081 1803 ;
1108 1720 1227 1807 quam¹
1253 1726 1287 1786 et
1316 1721 1386 1807 ipse
1408 1721 1581 1806 magnifiee
1611 1721 1699 1783 rexit
1752 1705 1780 1739 ¹¹·
1793 1693 1834 1738 ⁹9'

483 1795 747 1912 fflssbbnannis
768 1822 846 1890 xxti.
870 1830 905 1891 et
927 1825 1063 1903 duobus,
1086 1824 1276 1912 religionem
1299 1823 1517 1902 reformando,
1537 1827 1573 1886 et
1587 1820 1698 1889 cellis²

483 1929 578 2017 ⁰fSt·‚
651 1928 849 2016 amplianda
873 1932 906 1993 et
937 1926 1203 2014 possessionibus,
1230 1926 1401 2001 thesauris
1428 1930 1463 1990 et
1490 1923 1717 2002 ornamentis„

484 1996 569 2046 Alban
580 2013 599 2046 '³'
651 2031 728 2096 licet
754 2030 863 2116 ipsum
887 2029 1074 2095 coenobium
1097 2028 1196 2093 nimis
1223 2028 1395 2114 reperisset
1417 2049 1475 2114 per
1499 2026 1718 2091 tirannidem.

651 2133 737 2219 regis
761 2131 919 2198 Willelmi
942 2132 1145 2217 dissipatum,
1170 2132 1389 2199 restaurando.

800 2425 849 2490 De
872 2424 1023 2490 ducam-m
1045 2423 1191 2493 milium
1214 2432 1323 2510 strage
1348 2424 1544 2489 Terrorem.

487 2572 554 2626 AD.
570 2577 641 2624 ¹⁰⁹⁸·
698 2575 798 2639 Anno
829 2575 965 2640 Domini
995 2590 1203 2640 m⁰.xc⁰vl11⁰‚
1234 2575 1406 2662 peregrini,
1445 2576 1502 2659 qui
1536 2579 1631 2638 erant
1664 2573 1698 2635 in
1713 2583 1872 2647 Rogwend.

487 2662 633 2780 ffiffie
654 2677 823 2743 obsidione
838 2677 1032 2755 Antiochite,
1049 2678 1119 2743 dies
1135 2676 1317 2742 Natalicios
1338 2678 1375 2741 in
1398 2678 1562 2762 obsequiis
1580 2675 1703 2741 divinis
1758 2652 1785 2701 ἢ·
1798 2657 1837 2701 ⁹⁹·

487 2796 596 2874 elegeos
656 2785 691 2846 et
714 2780 963 2845 elemosinarum
993 2780 1255 2846 exhibitionibus
1285 2780 1458 2866 magnifiee
1490 2780 1703 2844 celebrarunt.

487 2862 616 2979 fflnoehp
659 2883 754 2947 Inter
775 2905 856 2968 quos
878 2884 980 2947 etiam
1011 2883 1098 2946 cives
1123 2882 1332 2960 Antiocheni,
1358 2881 1399 2947 de
1430 2904 1489 2946 suo
1511 2887 1603 2946 stetu
1624 2882 1705 2945 satis

487 2995 526 3045 sla
544 2943 800 3061 8hiirofsolliciti,
828 2985 991 3072 principes
1017 2985 1168 3049 infideles
1196 2990 1265 3050 tam
1288 2985 1414 3050 vicinos
1436 3007 1535 3070 quam
1565 2988 1706 3050 remotos

488 3060 636 3193 {effug}
658 3088 695 3152 in
728 3087 779 3152 sui
813 3087 996 3152 subsidium
1034 3092 1220 3153 evocarunt
1268 3087 1406 3152 Factum
1437 3092 1487 3152 est
1517 3086 1620 3173 igitur
1648 3110 1707 3173 per

656 3212 767 3256 eorum
789 3190 986 3255 instantiam
1008 3190 1210 3275 diligentem,
1227 3190 1315 3276 quod
1337 3213 1358 3255 a
1382 3190 1549 3266 Damasco,
1573 3189 1706 3255 Jerusa-

655 3293 728 3371 lem,
753 3292 908 3369 Oaesarea,
931 3293 1058 3379 Alapia
1076 3292 1220 3373 Haman,
1236 3291 1373 3372 Emissa,
1397 3293 1550 3379 Ierapoli,
1575 3298 1610 3358 et
1630 3314 1705 3358 con-

656 3397 804 3461 terminis
830 3395 1019 3483 regionibus
1051 3396 1166 3461 multis
1192 3395 1383 3482 congregati
1410 3396 1596 3460 referuntur
1621 3396 1706 3460 circo

655 3503 807 3576 castmm
830 3499 884 3563 cui
905 3520 1025 3563 nomen
1048 3503 1098 3564 est
1123 3496 1262 3584 Hareg,³
1277 3498 1367 3583 quod
1389 3499 1432 3562 ab
1454 3498 1632 3564 Antiochia
1646 3498 1706 3562 vix

657 3601 741 3666 xiiii.
765 3601 949 3666 miliaribus
973 3601 1085 3677 distat,
1108 3601 1151 3666 ad
1170 3598 1248 3666 xxii.
1272 3602 1365 3666 milia
1387 3600 1590 3666 bellatorum.
1639 3599 1705 3680 Qui
1716 3618 1872 3684 Rogwend.

656 3726 768 3770 omnes
795 3704 985 3770 habuerunt
1014 3705 1220 3790 propositum
1247 3725 1289 3768 ex
1315 3704 1494 3790 improviso
1524 3704 1646 3768 irruere
1669 3704 1705 3768 in
1749 3687 1776 3737 ii.
1791 3691 1844 3736 ¹⁰⁰·

654 3807 850 3894 peregrinos,
874 3807 954 3872 dum
987 3807 1071 3872 circa
1102 3806 1264 3871 assultum
1290 3813 1535 3894 occuparentur,
1559 3808 1707 3872 exeunti-

656 3909 717 3975 bus
750 3909 878 3976 civibus
907 3931 1005 3995 super
1039 3909 1128 3994 ipsos
1165 3932 1206 3974 ex
1240 3909 1386 3974 adverso.
1443 3910 1509 3975 Sed
1544 3911 1724 3996 principes.

656 4013 771 4091 nostri,
788 4033 870 4098 quos
892 4012 1023 4077 insidiae
1046 4033 1160 4078 eorum
1182 4034 1251 4076 non
1272 4012 1431 4090 latebant,
1448 4012 1575 4099 pedites
1596 4034 1707 4077 omnes
1735 4018 1779 4068 sol·
1794 4016 1854 4067 2³l-

657 4115 698 4181 de
720 4114 867 4181 exercitu
891 4115 927 4178 in
953 4115 1122 4179 obsidione
1144 4114 1374 4200 relinquentes
1389 4116 1448 4200 qui
1470 4116 1597 4200 equites
1613 4122 1708 4182 erant

656 4217 693 4281 in
711 4219 816 4303 primo
832 4217 938 4282 noctis
961 4217 1158 4303 crepusculo,
1174 4219 1273 4283 armis
1295 4218 1458 4297 instructi,
1474 4218 1546 4283 sine
1561 4219 1708 4284 tumultu

658 4324 692 4383 et
723 4320 817 4404 quasi
852 4318 914 4385 sub
946 4318 1079 4385 silentio
1113 4319 1155 4385 de
1186 4321 1301 4387 castris
1331 4322 1460 4407 egressi,
1483 4322 1572 4387 inter
1601 4321 1729 4393 lacum,

608 4439 610 4442 ’
658 4421 821 4507 quendam
846 4425 880 4486 et
904 4420 1062 4486 Orontem
1087 4423 1234 4499 flurium,
1255 4424 1311 4508 qui
1334 4445 1449 4508 parum
1471 4446 1491 4488 a
1512 4446 1547 4489 se
1570 4424 1707 4504 distant,

657 4529 753 4589 nocte
772 4523 831 4587 illa
853 4524 1058 4608 quieverunt.
1105 4526 1203 4590 Mane
1225 4531 1336 4591 autem
1359 4525 1455 4606 facte,
1478 4548 1552 4591 cum
1575 4518 1731 4593 festina-¹

693 4819 795 4884 1ςιιιιιηι]
823 4819 855 4870 In
875 4820 1002 4869 reference
1019 4827 1046 4870 to
1063 4817 1165 4871 melasio
1187 4838 1189 4918 p
1244 4820 1365 4886 Ἕως]
1386 4821 1421 4877 So
1441 4822 1475 4873 ul
1492 4822 1535 4873 the
1551 4822 1649 4883 MSS.;
1666 4824 1711 4873 but

661 4900 821 4951 understood.
835 4898 1166 4960 mensam-abbas
1210 4900 1344 4950 elsewhere
1363 4900 1473 4967 Hanno,
1508 4903 1539 4952 In
1556 4901 1627 4954 Will.
1640 4902 1711 4968 Tyn,

488 4972 495 4996 ⁸
589 4990 592 4996 ’
659 4977 765 5030 mesia
777 4978 865 5030 Sancti
875 4979 996 5030 Albani?
1187 4937 1189 5005 1
1210 4978 1322 5042 Horror,
1333 4996 1373 5045 pp.
1385 4986 1442 5045 698,
1454 4987 1511 5035 916.

691 5056 793 5125 ²cellis]
819 5057 846 5110 in
865 5058 945 5119 cellit,
965 5059 1007 5110 W.
1020 5058 1097 5111 hc.
1112 5059 1165 5118 D.;

658 5137 785 5200 cellaall.
