4442 6392
667 1137 732 1209 372
799 1149 967 1202 numum
990 1148 1206 1200 runrsrnusu
1229 1145 1391 1197 maroam
1410 1145 1610 1194 suenorum

499 1342 654 1394 aulus.
667 1346 756 1412 papa
776 1323 902 1401 missos,
929 1323 1107 1389 Albertum
1140 1329 1175 1389 et
1205 1321 1423 1402 Theodinum,
1453 1321 1619 1400 accedens,
1647 1322 1723 1404 post

499 1425 649 1476 Porchatcr
668 1428 783 1516 longos
796 1430 968 1506 tractatus,
984 1426 1021 1491 in
1043 1425 1223 1514 praesentia
1235 1425 1425 1492 eorumdem
1439 1423 1624 1510 legatorum
1638 1420 1723 1485 hanc

499 1493 551 1543 and
563 1491 630 1541 Nor·
721 1529 729 1545 ,
811 1530 819 1544 ,
969 1529 977 1544 ,

499 1558 642 1624 mam
669 1530 749 1596 fecit
770 1550 823 1595 sur
845 1534 1088 1618 purgationem.

362 1675 365 1699 Ι
500 1632 566 1676 meet
577 1624 621 1674 the

501 1691 604 1825 liciis&
671 1753 721 1820 Dc
739 1752 950 1841 pompaticae
971 1759 1002 1819 et
1024 1750 1258 1838 satisfactione
1279 1750 1369 1837 repis
1389 1749 1540 1816 Hearici
1567 1747 1607 1814 dc
1620 1752 1725 1815 aare

1058 1855 1171 1923 macti
1195 1854 1337 1922 Thorace.

501 2001 636 2083 Tempus
717 1993 830 2061 Primo
851 1994 955 2082 igitur
972 1993 1114 2079 juravit,
1136 1998 1279 2059 mortem
1306 1993 1441 2058 Thomae
1467 2012 1527 2057 nec
1549 1989 1724 2056 voluntate
1735 1998 1899 2078 Ropwenu

502 2070 643 2202 &iffi
671 2119 732 2163 sna
753 2097 809 2163 vel
832 2095 1032 2163 conscientia
1046 2101 1269 2184 perpetratam
1294 2095 1403 2172 fuisse,
1417 2117 1478 2161 nec
1502 2117 1561 2159 suc
1585 2093 1725 2158 artificio
1770 2071 1869 2117 2³⁶⁸·

501 2205 569 2284 stom
578 2203 623 2256 tue
672 2200 898 2287 perquisitam.
943 2199 1009 2264 Sed
1024 2199 1183 2285 quoniam
1205 2198 1432 2264 malefactores
1455 2219 1497 2263 ex
1511 2196 1628 2273 verbis,
1650 2218 1725 2280 quae

502 2270 623 2389 {wi
677 2301 764 2390 ipse¹
789 2324 850 2369 rex
871 2301 1052 2368 iracundia
1074 2301 1181 2367 calore
1205 2323 1378 2367 succensus
1404 2302 1515 2366 minus
1537 2305 1632 2366 caute
1654 2320 1729 2385 pro·

502 2404 588 2459 cautla
671 2405 763 2486 tulit,
787 2405 877 2491 quod
902 2403 1056 2470 videlicet
1086 2403 1304 2489 nequissimos
1340 2405 1581 2470 commilitones
1609 2402 1728 2467 educa·

672 2513 777 2584 verat,
807 2508 865 2594 qui
886 2507 996 2594 ipsum
1027 2507 1063 2570 in
1089 2507 1293 2593 proditorem
1317 2529 1414 2573 suum
1448 2505 1727 2593 archiepiscopum

674 2610 854 2675 noluerunt
876 2609 1056 2687 vindicare,
1079 2610 1282 2675 occasionem
1306 2611 1417 2674 virum
1433 2609 1498 2675 Dei
1521 2611 1727 2696 sumpserant

673 2712 867 2800 perimendi,
906 2734 966 2777 rex
997 2734 1072 2777 cum
1099 2734 1229 2777 summa
1266 2713 1458 2778 humilitate
1488 2705 1758 2778 absolutionem

674 2814 852 2902 postulans
861 2814 1065 2901 impetravit.
1100 2813 1260 2881 Promisit
1273 2815 1379 2902 igitur
1392 2837 1461 2892 rex,
1476 2815 1519 2880 ad
1534 2813 1729 2879 mandatum

672 2916 866 3003 legatorum,
891 2916 981 3002 quod
1012 2922 1146 2982 tantum
1177 2919 1274 2984 daret
1304 2918 1346 2984 de
1376 2919 1515 3007 pecunia
1544 2940 1612 2996 sua,
1641 2917 1729 2982 unde

673 3018 808 3084 ducenti
829 3017 953 3084 milites
984 3019 1028 3084 ad
1057 3019 1280 3087 defensionem
1307 3021 1415 3087 Terrae
1439 3020 1571 3087 Sanctae
1596 3024 1730 3108 possent

532 3186 537 3194 ,
672 3143 732 3208 per
764 3143 890 3186 annum
921 3123 1111 3188 sustentari.
1171 3122 1328 3188 Promisit
1357 3124 1503 3211 insuper,
1533 3122 1621 3209 quod
1654 3143 1728 3209 per·

673 3224 825 3290 mitteret
856 3223 1009 3311 deinceps
1038 3224 1143 3291 libere
1173 3226 1412 3313 appellationes
1446 3226 1538 3308 fieri;
1577 3231 1612 3291 et
1641 3225 1730 3311 quod

673 3327 938 3408 consuetudines,
964 3348 1040 3414 quae
1069 3327 1138 3392 suis
1168 3332 1264 3394 erant
1294 3328 1495 3396 introductae
1523 3328 1730 3416 temporibus

673 3434 789 3495 contra
811 3429 982 3495 libertates
1007 3428 1161 3511 ecclesiae,
1176 3429 1213 3495 in
1228 3431 1361 3496 irritum
1376 3436 1567 3512 revocaret;
1592 3436 1627 3495 et
1641 3428 1730 3517 quod

674 3531 892 3620 possessiones
916 3531 1167 3598 Cantuariensis
1193 3532 1346 3611 ecclesiae,
1368 3555 1444 3619 quae
1470 3539 1545 3620 post
1567 3554 1729 3599 recessum

674 3632 910 3721 archiepiscopi
932 3633 1056 3701 ablatae
1079 3634 1223 3713 fuerant,
1253 3635 1290 3700 in
1315 3636 1483 3724 integrum
1506 3636 1730 3702 redderentur.

675 3735 833 3803 Promisit
847 3741 1014 3824 praeterea,
1030 3738 1119 3824 quod
1134 3736 1259 3804 clericis
1274 3743 1309 3803 et
1322 3737 1416 3804 laicis
1438 3738 1609 3826 utriusque
1624 3759 1731 3814 sexus,

675 3838 735 3925 qui
756 3860 815 3925 pro
836 3839 935 3904 beato
957 3840 1094 3904 martire
1117 3839 1158 3905 de
1180 3860 1283 3926 regno
1298 3840 1458 3919 exierant,
1474 3862 1549 3906 cum
1571 3863 1650 3929 pace
1672 3861 1733 3904 sua

676 3940 765 4006 bona
785 3940 928 4028 recipere
950 3941 1116 4023 universa,
1130 3946 1166 4007 et
1180 3942 1284 4009 libere
1303 3943 1410 4008 redire
1434 3943 1556 4010 licebit.
1602 3944 1648 4008 Et
1669 3943 1732 4006 hoc

675 4046 786 4108 totum
807 4043 1000 4130 promittere
1022 4049 1058 4110 et
1075 4044 1190 4130 jmare
1217 4068 1256 4111 ac
1281 4045 1395 4126 facere,
1422 4069 1465 4112 ex
1486 4051 1581 4134 parte
1604 4044 1749 4111 domini

675 4167 770 4233 papae
791 4146 861 4232 regi
882 4145 1070 4232 injunctum
1086 4152 1147 4226 est,
1161 4147 1198 4211 in
1212 4148 1437 4215 remissionem
1452 4140 1600 4215 omnium
1620 4168 1730 4236 pecca·

674 4251 794 4315 torum.

944 4435 1017 4503 Rea
1037 4435 1177 4524 jocaris
1198 4439 1292 4506 mem
1309 4438 1453 4526 juravit.

509 4566 665 4648 tjteycnng
721 4557 795 4624 Rex
820 4580 901 4625 vero
926 4560 1071 4647 juvenis,
1094 4564 1254 4652 quicquid
1276 4586 1338 4631 rex
1366 4568 1460 4652 pater
1493 4563 1666 4650 jmaverat
1696 4569 1908 4652 etchmmu

508 4635 637 4753 lineium
676 4662 879 4746 P10mi⁸³fflb
897 4661 1029 4750 juravit
1051 4670 1087 4732 et
1110 4667 1273 4755 promisit
1319 4667 1374 4746 Et,
1396 4667 1461 4732 hiis
1475 4667 1524 4732 ita
1547 4666 1657 4755 gestis,
1671 4688 1731 4732 rex
1769 4645 1872 4692 ΜΒ·

508 4768 631 4821 uenae
671 4762 905 4847 juveniacum
932 4790 1052 4856 sponsa
1075 4791 1136 4836 sua
1162 4770 1361 4859 Margareta
1385 4792 1496 4836 mense
1523 4768 1668 4857 Augusti
1694 4769 1730 4834 in

507 4843 640 4969 marinis&
675 4864 833 4953 Angliam
866 4870 1126 4954 transfretavit3
1164 4877 1199 4939 et
1231 4874 1304 4939 xii0.
1338 4873 1500 4940 kalendas
1526 4871 1731 4960 Septembris
1742 4870 1908 4990 Βοίἕέξξυὰ

1017 5069 1394 5137 'quoefflOuantmm
