4442 6392
637 1176 680 1238 tt
760 1187 928 1237 narrum
951 1186 1165 1236 rnnrsrnums
1191 1183 1352 1235 ntsronm
1367 1185 1577 1250 ‚munorum

467 1385 537 1436 al).
551 1384 623 1434 tosa.
636 1382 722 1442 trem
745 1398 840 1441 suum
856 1371 1028 1461 regnavit¹
1067 1370 1257 1459 Eodemque
1273 1393 1360 1438 anno
1375 1371 1399 1436 J
1401 1372 1554 1450 ohannes,
1570 1372 1690 1460 praesul

466 1492 572 1542 meses
637 1477 819 1555 Wellensis,
853 1478 988 1542 natione
1022 1475 1213 1553 Turonious,
1243 1495 1377 1540 assensu
1407 1473 1564 1541 Willelmi
1594 1476 1688 1563 regis,

464 1558 617 1675 effi„
636 1580 828 1646 musenius
849 1578 1157 1656 interstantibus,
1174 1577 1349 1644 transtulit
1363 1577 1400 1642 sn
1416 1577 1616 1643 attonsum
1637 1579 1689 1643 sus

466 1691 580 1742 toBatlt
636 1683 826 1750 cathedram
849 1681 1054 1770 praesulatus

778 1953 828 2018 Do
853 1948 1102 2018 restauratione
1126 1947 1278 2016 civitatis
1300 1946 1542 2015 Korleolonso'a

464 2111 533 2164 al).
548 2118 611 2162 1093
680 2089 779 2155 Anno
802 2089 938 2154 Domini
960 2099 1140 2153 M0.xc0111⁰.
1157 2108 1216 2151 rex
1239 2086 1424 2173 Anglorum
1440 2085 1623 2150 Willelmus
1640 2037 1685 2149 Il.
1699 2095 1858 2175 Rogwmn

466 2208 605 2261 calinen
635 2191 851 2258 reaedificavit
874 2190 1045 2255 civitatem
1062 2187 1219 2266 Karleoli,
1230 2187 1301 2274 jam
1323 2210 1382 2275 per
1404 2210 1508 2254 annos
1524 2192 1688 2254 trecentos
1732 2169 1812 2215 ¹¹⁴²·

464 2276 564 2326 Μὴ
635 2294 836 2360 desolatione
858 2292 986 2358 Danioa
999 2292 1201 2373 desolatam3
1225 2296 1260 2358 et
1281 2313 1325 2357 ex
1339 2292 1540 2358 australibus
1556 2290 1687 2378 Angliae

464 2421 576 2471 mundt-
634 2396 757 2461 finibus
779 2395 858 2460 illuc
880 2394 1086 2460 habitatores
1100 2394 1295 2460 transmisit.
1340 2394 1466 2460 Eodem
1488 2416 1576 2459 anno
1591 2398 1688 2459 tanta
1699 2410 1858 2475 Rogwend„

462 2487 614 2619 2223&
634 2504 706 2565 erat
728 2497 917 2586 pluviarum
950 2497 1135 2575 inundatio,
1159 2501 1319 2583 quantam
1341 2518 1438 2562 nemo
1469 2518 1504 2562 sa
1535 2496 1688 2563 meminit
1736 2477 1764 2528 ἢ
1779 2482 1820 2530 ⁴³·

632 2600 844 2688 praevidisse3
869 2599 988 2666 deinde
1010 2605 1100 2665 terra
1122 2621 1197 2666 oum
1216 2598 1410 2665 fluminibus
1433 2599 1587 2664 maximis
1605 2599 1688 2665 adeo

631 2703 785 2769 induruit
807 2702 986 2789 congelata,
1008 2708 1048 2768 ut
1070 2702 1157 2789 bigis
1179 2706 1214 2767 et
1236 2701 1393 2788 plaustris
1416 2692 1557 2767 flumina
1579 2708 1707 2766 trans·-

632 2806 789 2872 enntibus
811 2811 927 2892 pontes
949 2804 1161 2891 prmbnerunt
1183 2803 1344 2890 glaciales,
1358 2803 1416 2890 qui
1439 2803 1707 2891 spissitudinem·

631 2909 786 2975 molarem
805 2914 884 2973 sunt
901 2904 1117 2993 transgressi⁹
1153 2906 1309 2972 Resoluto
1332 2906 1467 2972 tandem
1489 2906 1575 2993 gelu,
1589 2928 1708 2993 aqua·

631 3034 705 3077 rum
728 3016 847 3077 crtrstae
876 3009 1095 3098 superficiales
1118 3009 1369 3096 conglomerata
1392 3009 1590 3089 molendina,
1613 3031 1707 3075 cum·

631 3112 789 3200 pontibus
804 3118 839 3178 et
861 3112 998 3177 nivonis
1012 3117 1048 3177 et
1073 3111 1228 3178 domibus
1250 3111 1471 3192 conterminis,
1488 3111 1709 3199 dampnose¹·

465 3236 601 3287 Maeotin
636 3216 735 3282 nimis
765 3215 1001 3302 oonfiegerunt.
1050 3213 1239 3301 Eodemque
1263 3236 1351 3279 anno
1374 3214 1510 3280 baetrlus
1533 3215 1650 3302 igneus
1671 3236 1692 3278 o

464 3303 575 3435 {¹2:2¹⁹
636 3318 772 3384 meridie
795 3317 959 3403 usquead
978 3316 1166 3403 aquilonam
1189 3323 1344 3382 extensus
1358 3317 1395 3382 in
1414 3317 1498 3383 ooelo
1520 3317 1611 3383 visus
1634 3322 1693 3393 est,

465 3438 515 3486 and
528 3408 586 3488 suls
637 3420 788 3486 kalendis
810 3421 975 3507 Augusti3
1009 3425 1043 3485 et
1066 3420 1242 3486 subsecuta
1266 3425 1316 3485 est
1350 3420 1452 3485 fames
1482 3419 1692 3497 validissima,

465 3512 569 3623 ἓξὲξ
637 3529 672 3590 et
694 3523 867 3588 hominum
889 3528 959 3588 tam
981 3522 1144 3609 generalis
1167 3522 1262 3589 tabes
1285 3529 1319 3588 et
1340 3522 1533 3600 mortalitas,
1558 3528 1598 3588 nt
1619 3523 1692 3588 vivi

636 3626 738 3692 taedio
777 3624 983 3691 afficerentur
1012 3631 1052 3690 ut
1081 3629 1230 3690 mortuos
1266 3624 1450 3711 sepelirent.
1507 3625 1571 3691 Per
1603 3624 1690 3690 idem

636 3733 768 3815 tempus
791 3749 851 3792 rex
871 3726 1057 3792 Willelmus
1081 3726 1126 3792 ΙΙ.
1150 3748 1171 3791 a
1196 3726 1298 3792 fratre
1319 3748 1379 3792 suo
1402 3725 1548 3793 Roberto
1573 3748 1691 3813 provo-

464 3842 578 3894 william
587 3843 623 3894 11.
636 3836 738 3908 oatus,
770 3830 859 3917 quod
887 3828 1120 3915 jusjurandum
1158 3850 1225 3894 non
1262 3828 1468 3895 observasset
1500 3829 1590 3915 quod
1626 3829 1690 3916 ipsi

464 3916 620 4044 ffissudffl
635 3934 765 4010 fecerat,
790 3932 825 3997 in
851 3932 1090 3997 Normanniam
1116 3930 1223 3996 iratus
1254 3931 1490 3998 transfretavit.
1540 3931 1586 3996 nt
1615 3954 1689 3997 oum

635 4036 752 4101 fratres
767 4035 810 4100 ad
825 4032 1023 4120 colloquium
1038 4034 1260 4113 convenirent,
1279 4032 1444 4119 juratores
1467 4040 1688 4121 utrorumque,

635 4160 656 4202 a
678 4159 817 4225 quorum
840 4136 978 4202 arbitrio
993 4141 1103 4201 totum
1119 4137 1289 4224 negotium
1310 4158 1352 4201 ex
1367 4136 1514 4202 omnium
1529 4158 1706 4203 eonsensu.

634 4239 850 4327 dependebat,
865 4244 970 4304 totam
994 4238 1124 4326 eulpam
1139 4244 1174 4303 et
1188 4238 1359 4305 discordiae
1374 4261 1507 4305 oausam
1521 4240 1558 4305 in
1578 4262 1687 4326 regem

633 4341 852 4418 refuderunt,¹
873 4341 1020 4406 dieentes
1050 4342 1138 4407 inter
1167 4346 1281 4421 cetera,
1305 4343 1394 4427 quod
1423 4343 1601 4408 absurdum
1623 4343 1709 4408 fuit.

634 4450 669 4510 et
698 4445 869 4531 injustum,
893 4445 981 4531 quod
1016 4444 1161 4529 aliquam
1183 4443 1320 4509 haberet
1349 4450 1547 4531 potestatem
1574 4445 1706 4530 junior.

633 4568 731 4635 super
752 4546 1016 4634 primogenitum.
1063 4546 1138 4612 Rex
1159 4569 1236 4613 vero
1259 4568 1313 4613 eos
1333 4547 1511 4635 negligens,
1528 4553 1563 4613 et
1585 4547 1706 4612 iratus.

673 4715 739 4721 .—.
759 4713 973 4719 .....-.-.--—-...
991 4714 1018 4719 ....
1028 4714 1077 4719 -.--
1117 4714 1175 4720 --....
1188 4715 1213 4720 ..-
1233 4712 1371 4720 —-—-.--

668 4799 675 4829 ¹
687 4797 720 4848 In
731 4797 775 4847 the
787 4806 898 4848 extreme
909 4799 1009 4864 margin
1019 4799 1141 4850 Mattheus
1162 4801 1165 4854 ἶ
1220 4802 1398 4868 ’ῑναπερνεοεῆ
1417 4802 1562 4868 trangressi,
1573 4802 1630 4854 MS.

633 4877 707 4929 Paris
726 4877 772 4926 has
792 4880 890 4928 noted:
917 4878 1022 4944 “Reges
1045 4880 1141 4930 Seooiae
1219 4892 1382 4960 mamm]
1401 4894 1588 4958 (samosatis,

633 4957 1142 5048 posteonquestnmdngliabinleolmus,
1219 4985 1397 5050 ‘refuderam
1416 4987 1638 5048 msudmm'MS·

633 5037 1142 5101 ‘1¹¹¹remmomatdanoenuneatus,
1163 5065 1165 5068 ⁴
1386 5043 1397 5053 ·

633 5117 699 5167 filius
711 5115 792 5180 ejus.''
1163 5116 1166 5179 l
