4442 6392
568 1171 614 1219 nn
637 1170 796 1223 rrurorur
818 1171 920 1224 neers
943 1174 1118 1225 ureretur
1140 1175 1302 1238 succum,
1326 1178 1392 1228 vlz.
1416 1177 1509 1229 auru
1534 1165 1575 1232 71

573 1387 623 1452 Do
645 1387 791 1455 motione
813 1388 1014 1456 Boamundi
1032 1387 1212 1477 praeopta
1232 1387 1276 1456 c'u
1299 1411 1385 1478 opus
1402 1391 1529 1461 Crucis.

357 1551 510 1616 Ropwenu.
568 1535 658 1601 Dum
692 1537 761 1605 haec
783 1542 895 1607 autem
922 1538 1010 1625 apud
1041 1538 1365 1625 Constantinopolim
1388 1548 1572 1628 agerentur,
1586 1551 1654 1604 al).
1670 1562 1740 1613 rore.

396 1619 423 1670 ii.
435 1626 474 1675 ⁷⁶·
523 1637 676 1706 domiuus
700 1641 923 1718 Boamundus,
947 1640 1085 1706 Roberti
1117 1640 1289 1707 Guiscardi
1319 1643 1407 1708 filius
1430 1649 1465 1710 et
1494 1666 1572 1711 vere
1585 1645 1717 1701 Machor

522 1743 711 1828 patrissans,
736 1745 884 1831 princepe
907 1744 1117 1822 Tarentinus,
1141 1744 1198 1829 qui
1221 1750 1299 1811 ante
1320 1745 1474 1831 hyemem
1496 1769 1571 1814 cum
1583 1712 1742 1835 minsis

521 1863 580 1909 suo
617 1847 766 1912 exercitu
799 1847 1008 1915 Adriaticum
1038 1869 1128 1913 mare
1161 1847 1333 1925 transiens
1366 1846 1678 1917 Durashiumlorere

521 1968 623 2034 usque
656 1955 861 2036 pervenerat,
895 1972 953 2036 per
984 1949 1115 2016 deserta
1145 1950 1309 2036 Bulgariae
1332 1951 1376 2019 ad
1405 1974 1490 2030 suos,
1513 1953 1571 2039 qui

520 2071 596 2115 eum
633 2053 864 2138 sequebantur,
904 2053 1108 2139 pedetentim
1155 2054 1354 2140 appropians
1390 2054 1572 2122 accedebat.

520 2151 740 2220 Adhaeserant
762 2177 905 2242 namquo
921 2156 952 2221 ei
974 2155 1039 2220 viri
1055 2155 1191 2242 quidam
1206 2155 1334 2221 nobiles
1349 2178 1388 2222 ac
1410 2163 1573 2243 potentes,

520 2276 659 2340 quorum
681 2258 734 2325 hic
767 2258 803 2322 in
826 2263 919 2345 parte
941 2258 1077 2323 nomina
1111 2279 1341 2344 supponemus,
1375 2259 1572 2340 Taucredus,

520 2357 678 2426 Willelmi
700 2361 897 2427 marchionis
930 2360 1026 2438 filius,
1049 2360 1211 2428 Ricardus
1242 2360 1281 2429 de
1313 2361 1514 2448 Principatu,
1536 2368 1573 2429 et

521 2462 714 2551 Rauulphus
737 2465 840 2530 frater
862 2464 941 2549 ejus,
975 2464 1140 2530 Robertus
1161 2463 1203 2529 de
1226 2465 1334 2544 Anxa,
1359 2465 1571 2533 Hermannus

519 2567 560 2632 de
583 2566 700 2643 Karin,
717 2567 881 2633 Robertus
896 2567 937 2634 de
961 2565 1192 2633 Surdavalla¹
1207 2567 1262 2631 vel
1283 2567 1380 2646 valle,
1396 2567 1572 2648 Robertus,

519 2670 700 2737 Thurstani
721 2670 818 2750 filius,
843 2669 1041 2735 Humfridus
1063 2668 1152 2735 filius
1176 2667 1353 2755 Radulpbi,
1379 2669 1569 2753 Richardus,

518 2774 605 2842 filius
627 2773 758 2840 comitis
781 2772 957 2859 Ranulphi,
980 2792 1087 2837 comes
1118 2772 1159 2836 de
1183 2770 1355 2836 Russillun
1387 2777 1422 2839 et
1451 2772 1569 2841 fratres

518 2877 597 2963 ejus,
628 2875 810 2942 Boeleisius
843 2875 1065 2951 Camotensis,
1089 2874 1276 2940 Alberedus
1305 2874 1347 2940 de
1379 2874 1570 2962 Ganganon,

518 2979 714 3046 Humfridus
736 2979 825 3044 filius
855 2976 932 3062 ejus.
980 2977 1052 3042 Hos
1075 2982 1187 3043 autem
1211 2977 1434 3062 sequebantur
1455 2980 1569 3066 populi

517 3083 647 3161 Ytelici,
682 3087 716 3149 et
747 3083 934 3168 quicunque
968 3103 989 3147 a
1022 3080 1154 3166 Tyrcno
1185 3080 1269 3147 mari
1291 3080 1327 3144 in
1358 3080 1568 3148 Adriaticum

517 3206 618 3270 usque
656 3182 764 3249 sinum
795 3181 1083 3247 conversabantur.
1132 3179 1193 3244 Hii
1230 3201 1343 3246 omnes
1378 3203 1483 3267 usque
1523 3184 1567 3250 ad

515 3287 630 3353 urbem
654 3287 844 3354 Castoream
874 3284 1062 3350 Boamundi
1093 3283 1216 3349 vexilla
1245 3290 1426 3369 sequentes,
1449 3307 1522 3353 cum
1545 3310 1566 3353 a

515 3390 642 3457 civibus
686 3389 817 3456 venalia
846 3388 967 3474 populo
996 3409 1064 3451 non
1094 3385 1343 3464 exhibebantur,
1375 3388 1565 3457 contrahere

514 3515 628 3581 greges
651 3498 685 3558 et
708 3496 859 3559 armentu
892 3490 1051 3576 compulsi
1083 3492 1164 3554 suut
1195 3489 1367 3556 violenter.
1415 3491 1564 3578 Indeque

504 3595 682 3684 progressi,
706 3596 740 3660 in
764 3595 898 3681 regione
923 3591 1100 3679 Pelagonia
1131 3599 1238 3657 castra
1260 3598 1472 3673 statuerunt;
1504 3596 1562 3661 ubi

514 3700 684 3765 audientes
707 3696 795 3783 quod
818 3697 854 3760 iu
885 3696 995 3763 vicino
1026 3700 1098 3760 erat
1122 3694 1339 3780 municipium
1361 3695 1439 3761 solis
1461 3695 1563 3764 haere-

514 3804 586 3868 ticis
609 3800 851 3867 habitatoribus
873 3799 1040 3877 refertum,
1056 3796 1135 3861 illuc
1157 3796 1218 3861 sub
1241 3796 1409 3863 celeritate
1430 3805 1563 3864 conten-

513 3905 607 3981 dunt,
630 3910 665 3971 et
688 3909 832 3970 castrum
855 3901 1019 3969 violenter
1049 3904 1248 3986 occupantes·
1267 3905 1302 3965 ot
1324 3900 1464 3965 aedificia
1485 3902 1562 3987 igne

512 4009 759 4094 conflagrantes,
775 4005 919 4093 praedam
944 4005 1140 4071 immensam
1155 4009 1189 4066 et
1212 4002 1338 4087 optima
1360 4001 1436 4066 iude
1458 4002 1562 4089 spolia

441 4137 444 4143 ·
511 4112 703 4178 retulerunt.

673 4453 721 4519 De
741 4447 1016 4538 perspicatione
1037 4445 1172 4514 comitia
1197 4444 1384 4512 Ttolosoui.

339 4635 500 4691 Roaweno.
555 4618 729 4689 Subsecnti
752 4621 830 4683 sunt
860 4619 971 4680 autem
1001 4613 1189 4698 peregrinos
1218 4631 1324 4677 comes
1354 4610 1556 4679 Tholosanus
1568 4626 1702 4678 Marcios

378 4702 407 4756 ii.
420 4704 461 4758 77.
513 4724 717 4792 Raqmundus
739 4727 773 4785 ee
794 4719 963 4805 spiscopus
995 4713 1165 4780 Podiensis
1188 4713 1405 4778 Athelmerus
1451 4715 1559 4782 Erant
1569 4694 1704 4812 ffiuff

510 4836 620 4896 autem
653 4849 727 4892 cum
761 4824 809 4889 eis
840 4821 904 4886 viri
934 4818 1061 4906 generis
1091 4816 1246 4903 praeclari,
1269 4816 1463 4895 WillelmuS,
1488 4820 1705 4883 Au-Toulouse.

513 5034 661 5042 ..—-—--
671 5030 797 5039 ’,η’-ἁ
1204 5018 1384 5029 -υσ--ι--ι-
1414 5018 1554 5031 -υι-α--ο-

824 5141 830 5169 ¹
845 5135 923 5202 calla]
943 5136 981 5185 At
992 5135 1045 5186 first
1054 5115 1152 5187 suren
1165 5128 1233 5183 calu.
