4442 6392
673 1127 714 1189 58
789 1139 954 1193 Mlu'rflffl
977 1140 1193 1193 Pssisllruffls
1216 1141 1383 1197 HISTORIA
1407 1142 1607 1195 Aristonus.

503 1315 828 1393 A.D.1oes.archam,¹
854 1315 934 1402 qui2
968 1317 1139 1403 colloquiis
1169 1315 1294 1381 mutuis
1325 1336 1395 1381 sese
1425 1317 1625 1382 recreabant.
1680 1316 1729 1387 At

671 1417 866 1505 patriarcha,
897 1418 951 1483 vir
980 1418 1114 1504 quidem
1144 1423 1277 1484 sanctus
1312 1423 1346 1485 et
1383 1418 1455 1484 Deo
1493 1425 1654 1507 acceptus,
1685 1441 1729 1484 ex

671 1520 780 1587 verbis
803 1521 895 1587 Petri
926 1521 1092 1607 colligens,
1116 1520 1206 1606 quod
1232 1520 1286 1585 vir
1308 1527 1393 1589 esset
1416 1522 1670 1609 circumspectus
1693 1528 1729 1587 et

671 1623 834 1710 eloquens,
869 1623 1064 1688 familiarius
1095 1624 1196 1709 coepit
1219 1644 1383 1710 exponere
1414 1624 1446 1689 ei
1468 1626 1631 1702 universa,
1654 1647 1728 1710 quar

671 1726 828 1813 populum
866 1726 929 1790 Dei
962 1726 1071 1790 acrius
1104 1725 1297 1812 affligebant
1330 1726 1367 1793 in
1402 1727 1539 1793 civitate
1570 1728 1644 1813 ipsa
1665 1728 1727 1795 sub
1739 1745 1896 1822 Ropwenu.

503 1841 643 1891 Conversa-
671 1828 799 1894 tributo
837 1833 1100 1898 commorantem.
1156 1827 1275 1894 Petrus
1305 1833 1418 1899 autem
1455 1829 1609 1897 fraternis
1642 1852 1727 1899 oom-
1772 1827 1799 1861 ¹¹·
1812 1819 1852 1865 ⁶⁴·

500 1907 632 2038 ffinpffl
673 1931 804 2017 patiens
833 1931 981 2008 miseriis,
1006 1931 1202 2017 patriarchae
1224 1932 1405 2017 respondit,
1429 1942 1445 1968 “
1460 1931 1612 2011 Noveris,
1634 1937 1728 2020 pater

500 2042 570 2091 arch.
672 2041 793 2111 sancte,
813 2034 902 2120 quod
928 2034 1060 2099 ecclesia
1076 2034 1233 2111 Romana,
1255 2033 1321 2099 hiis
1343 2033 1476 2113 auditis,
1500 2036 1729 2122 compatietur,

671 2158 745 2203 cum
767 2136 971 2224 principibus
994 2135 1180 2203 occidentis
1226 2135 1272 2200 Et
1294 2157 1355 2221 ego
1370 2158 1430 2223 pro
1444 2138 1589 2203 remedio
1607 2139 1728 2210 animae

669 2261 759 2316 meas,
787 2244 919 2304 auctore
942 2237 1024 2316 Deo,
1047 2243 1192 2307 rsrnotss
1221 2243 1330 2325 partes
1357 2240 1563 2326 peragrando
1594 2245 1728 2327 paratus

668 2364 724 2410 cro
755 2363 1000 2428 aerumpnarum
1032 2346 1219 2408 vestrarum
1252 2361 1362 2408 coram
1393 2341 1439 2407 eis
1470 2342 1727 2411 immensitatem

668 2445 851 2531 protestari,
875 2450 911 2510 et
940 2444 983 2509 sd
1006 2465 1195 2509 succursum
1220 2445 1462 2530 procurandum
1492 2445 1664 2513 universos
1693 2450 1728 2510 et

667 2548 814 2635 singulos
852 2546 1026 2613 efficaciter
1056 2545 1227 2613 invitare.''
1274 2546 1405 2613 Placuit
1431 2569 1537 2613 sermo
1560 2547 1596 2613 in
1626 2548 1728 2614 oculis

668 2658 738 2717 tarn
762 2649 960 2738 patriarchis
983 2671 1082 2736 quem
1105 2649 1302 2737 populorum
1327 2649 1655 2731 circumastantium
1682 2654 1727 2728 et,

667 2755 824 2842 impensis
845 2754 1027 2839 gratiarum
1051 2752 1245 2830 actionibus,
1261 2752 1335 2817 viro
1357 2752 1422 2826 Dei
1445 2754 1604 2840 scriptum
1629 2776 1739 2841 super.

666 2858 731 2924 hiis
753 2857 936 2923 coniectum
960 2855 1135 2942 porrigunt
1157 2855 1373 2942 postulatum.

970 3146 1020 3209 Dc
1042 3143 1176 3211 cisione
1191 3144 1290 3209 Petro
1306 3143 1413 3229 focio.

437 3371 440 3377 .
500 3322 593 3372 vision
712 3309 844 3375 Accidit
859 3314 971 3374 autem
987 3308 1040 3373 die
1064 3307 1216 3395 quadam,
1240 3328 1315 3372 cum
1330 3308 1508 3394 praedictus
1531 3308 1596 3374 Dei
1619 3308 1894 3387 famu-Rogmoi.

499 3390 603 3454 moy
1780 3388 1808 3441 ii.
1820 3395 1860 3440 ss.

499 3457 575 3506 Peter
586 3457 628 3507 tle
667 3413 719 3477 lus
734 3413 774 3477 de
788 3412 900 3476 reditu
923 3413 965 3476 ad
980 3411 1120 3498 propria,
1136 3432 1196 3497 pro
1218 3409 1387 3497 implenda
1401 3411 1565 3498 legatione
1579 3413 1724 3479 humeris

498 3523 606 3573 Hermit.
668 3517 736 3580 suis
766 3520 943 3601 assumpta,
980 3514 1122 3600 amplius
1155 3512 1253 3577 solito
1286 3512 1526 3593 sollicitaretur,
1559 3514 1724 3580 ecclesiam

670 3618 852 3684 Dominicae
884 3616 1130 3682 resurrectionis
1159 3616 1333 3702 ingressus,
1365 3616 1409 3679 ad
1438 3614 1564 3682 fontem
1597 3618 1725 3682 miseri·

666 3721 787 3786 cordiae
808 3726 882 3785 tota
911 3719 1017 3784 cordis
1050 3716 1237 3783 intentione
1273 3723 1428 3782 oraturus
1458 3721 1606 3785 recurrit.
1654 3720 1737 3785 Ubi

665 3845 739 3889 cum
769 3827 965 3909 pernoctans
998 3821 1124 3908 vigiliis
1157 3825 1193 3884 et
1223 3819 1429 3885 orationibus
1462 3821 1499 3884 in
1530 3821 1739 3908 pavimento·

664 3925 880 4004 decubuisset,
905 3929 945 3991 ut
967 3945 1105 4010 sompno
1133 3922 1336 3987 satisfaceret
1365 3923 1516 3999 irruenti,
1539 3925 1628 3989 vidit
1659 3924 1738 3989 sibi·

664 4034 772 4094 astare
807 4027 990 4093 Dominum
1024 4031 1176 4091 nostrum
1210 4024 1234 4088 J
1236 4025 1350 4088 hesum
1378 4024 1557 4090 Christum.
1604 4027 1650 4091 Et
1672 4026 1724 4090 in·

658 4132 804 4220 jungens
819 4133 850 4196 ei
872 4131 1071 4218 legationem
1096 4128 1308 4215 praemissam,
1325 4128 1422 4203 dixit,
1446 4134 1465 4163 “
1481 4128 1594 4216 Surge,
1619 4130 1725 4208 Petre,

664 4241 699 4301 et
729 4256 876 4322 propera,
909 4239 943 4299 et
977 4229 1164 4318 intrepidus
1199 4250 1318 4316 perage
1352 4251 1426 4314 quac
1458 4229 1523 4294 tibi
1561 4235 1640 4295 sunt
1674 4232 1724 4296 in·

657 4337 784 4424 juncta.
830 4335 902 4424 Ego
933 4335 1022 4400 enim
1056 4332 1180 4397 Jhesus
1213 4330 1376 4412 Christus
1412 4331 1470 4418 qui
1502 4333 1565 4397 tibi
1598 4333 1723 4419 loquor,

663 4448 772 4506 tecum
795 4460 859 4503 erc.
904 4437 1046 4524 Tempus
1069 4439 1121 4500 cst
1143 4435 1230 4499 enim
1261 4439 1302 4498 ut
1324 4440 1509 4521 purgentur
1537 4440 1660 4516 sancta,
1690 4442 1726 4502 et

665 4543 746 4605 meis
791 4541 894 4605 servis
943 4542 1099 4627 potenter
1148 4536 1394 4602 subveniatur.”
1466 4537 1725 4625 Expergesactus

667 4644 786 4709 Petrus
813 4652 847 4707 et
879 4643 919 4707 de
946 4642 1073 4705 visione
1095 4639 1274 4704 manifesta
1298 4638 1512 4717 confortatus,
1542 4648 1643 4726 atque
1667 4642 1723 4706 ad-

667 4746 884 4811 monitionem
922 4745 1070 4809 divinsm
1114 4747 1288 4829 gratanter
1332 4741 1542 4829 amplectens,
1582 4744 1725 4809 salutato

699 5035 706 5064 ¹
715 5029 898 5098 patriarcham]
912 5030 943 5079 In
952 5030 994 5079 the
1002 5037 1057 5080 tert
1063 5029 1163 5080 written
1245 5032 1254 5060 ²
1264 5029 1320 5094 qur]
1343 5028 1438 5079 Added
1448 5028 1476 5078 in
1488 5042 1569 5095 marg,

664 5113 781 5175 ciuitatis,
790 5112 837 5162 bnt
846 5124 910 5165 corr.
920 5109 948 5159 in
959 5124 1039 5174 marg.
