4442 6392
594 1173 640 1222 nn
663 1174 822 1226 rnurors
845 1176 946 1226 srurs
968 1177 1139 1227 wunsnur
1162 1145 1322 1244 suenum,
1344 1183 1411 1234 vrz.
1433 1183 1527 1234 surr.
1552 1173 1594 1234 69

532 1348 662 1414 Moesia
693 1349 825 1431 dicitur,
858 1355 894 1416 et
927 1351 971 1417 ad
1004 1350 1151 1420 claustra
1174 1354 1291 1421 Sancti
1320 1357 1436 1422 Basilii
1462 1357 1673 1424 descen-AD.
1693 1377 1763 1424 ross.

531 1451 666 1530 dentes,
689 1452 889 1541 Philipolim,
911 1454 1027 1520 urbem
1050 1455 1196 1522 nobilem
1217 1463 1252 1523 et
1274 1458 1448 1546 copiosam,
1471 1461 1593 1549 attige-

540 1559 628 1619 runt.
684 1555 764 1633 Ubi,
795 1556 949 1645 cognito¹
984 1558 1072 1645 quod
1111 1560 1212 1646 Hugo
1252 1561 1404 1648 Magnus,
1445 1562 1593 1651 Philippi

539 1657 741 1724 Francorum
764 1661 850 1746 regis
871 1660 983 1742 frater,
1009 1684 1084 1726 cum
1106 1661 1182 1726 aliis
1203 1663 1401 1749 quibusdam
1424 1664 1467 1730 ab
1490 1666 1593 1752 impe-

538 1765 646 1826 ratore
682 1762 803 1827 Alexio
836 1762 873 1826 in
904 1763 1046 1829 vinculis
1075 1768 1254 1841 teneretur,
1287 1765 1356 1830 dux
1393 1767 1592 1854 magnificus

539 1863 744 1944 Godefridus,
766 1864 875 1930 missis
904 1866 1032 1953 legatis,
1055 1872 1152 1953 rogat
1174 1871 1213 1932 ut
1238 1867 1328 1932 viros
1358 1869 1533 1955 praediotos
1556 1875 1591 1936 et

537 1967 777 2054 crucesignatos
798 1968 881 2034 alios
903 1968 1028 2034 solutos
1057 1969 1148 2035 abire
1177 1969 1360 2055 permittat.
1405 1971 1589 2039 Praedictus
1600 1995 1747 2049 Belcaeor

399 2056 403 2069 .
537 2069 626 2135 enim
660 2071 771 2159 Hugo,
816 2073 870 2136 vir
913 2071 1059 2153 illustris,
1099 2072 1193 2157 quasi
1237 2072 1327 2138 inter
1363 2074 1487 2159 primos
1524 2075 1589 2140 iter
1600 2062 1743 2192 {Qum

537 2194 717 2260 aggressus,
736 2174 879 2262 Alpibus
901 2173 1105 2251 transcensis,
1121 2174 1158 2238 in
1180 2174 1339 2261 Apuliam
1361 2196 1420 2262 per
1439 2176 1588 2242 Ytaliam
1599 2197 1717 2262 prisoner
1724 2200 1759 2265 by

538 2273 757 2355 descenderat,
792 2282 826 2342 et
849 2297 924 2343 cum
946 2276 1067 2376 exiguo
1090 2275 1250 2343 comitatu
1272 2277 1361 2363 apud
1383 2277 1588 2346 Durnchium
1599 2263 1740 2397 ἓξὲξ

537 2400 625 2443 mare
647 2379 810 2444 transiens
840 2379 1044 2456 substiterat,
1065 2378 1255 2466 peregrinos
1278 2380 1335 2465 qui
1366 2382 1590 2466 sequebantur

537 2486 721 2567 expectans.
761 2481 832 2547 Ubi
857 2505 877 2546 a
902 2481 1042 2568 praeside
1064 2481 1207 2569 regionis
1235 2481 1376 2560 vinctus,
1391 2488 1426 2548 et
1448 2483 1590 2571 impera-

537 2585 602 2649 tori
632 2585 785 2662 traditus,
808 2591 967 2670 tanquam
998 2585 1109 2671 praedo
1140 2588 1174 2649 et
1204 2584 1374 2650 homicidii
1399 2606 1474 2651 reus
1496 2591 1589 2652 tene-

536 2686 643 2764 batur,
667 2687 737 2752 sine
755 2708 852 2752 causa
874 2687 995 2754 carceri
1018 2686 1231 2772 mancipatus.
1277 2685 1344 2752 Sed
1362 2708 1437 2752 cum
1459 2687 1590 2754 nunciis

537 2790 630 2854 ducis
652 2790 786 2877 praecise
809 2796 992 2876 negaretur,
1014 2789 1055 2853 de
1078 2788 1245 2853 communi
1266 2788 1403 2853 consilio
1425 2811 1484 2875 per
1505 2790 1589 2856 viii0.

369 2874 527 2995 R‘ffin‘l
538 2888 607 2953 dies
629 2889 795 2974 regionem
818 2895 924 2954 totam
947 2910 1021 2953 cum
1044 2887 1230 2973 legionibus
1253 2888 1321 2951 suis
1343 2887 1588 2974 depopulantes,

488 2982 494 2995 '
537 2989 689 3076 affligunt
710 2995 871 3077 potenter.
918 2990 992 3055 Hoc
1014 2990 1152 3055 audiens
1174 2989 1361 3075 imperator,
1385 2990 1523 3056 nuncios
1545 2991 1590 3056 ad

537 3093 652 3158 ducem
675 3092 798 3179 dirigit,
821 3115 940 3180 rogans
962 3098 1002 3157 ut
1024 3115 1045 3156 a
1067 3092 1181 3178 praeda
1210 3113 1245 3157 se
1276 3091 1440 3172 cohibens,
1463 3092 1589 3159 nobiles

534 3194 670 3283 recipiat
709 3195 887 3283 expeditos,
924 3216 1006 3281 quos
1037 3198 1213 3281 rogaverat
1250 3193 1458 3281 compeditos
1504 3195 1586 3261 Dux
1599 3217 1713 3284 Godsey

535 3299 645 3385 igitur,
674 3299 800 3384 pacatis
829 3298 1021 3385 legionibus,
1059 3295 1381 3383 Constantinopolim
1411 3284 1743 3406 pervenimfflffi

535 3402 591 3468 ubi
614 3402 716 3467 etiam
738 3401 911 3489 praedictos
933 3401 1060 3466 nobiles
1083 3398 1264 3465 incolumes
1282 3399 1432 3486 suscepit.
1480 3400 1587 3467 Erant
1599 3418 1681 3484 nopla

536 3506 622 3569 enim
654 3526 729 3569 cum
764 3503 906 3591 Hugone
940 3500 1072 3589 Magno,
1096 3501 1209 3589 Drogo
1241 3500 1282 3565 de
1316 3500 1442 3578 Ncella,
1477 3502 1587 3569 Clare-

536 3607 650 3672 bsldus
681 3607 722 3671 de
756 3605 928 3685 Vcndolio,
961 3603 1149 3670 Willelmus
1186 3603 1294 3668 dictus
1327 3601 1584 3689 Carpentarius3

536 3710 592 3799 qui
614 3730 726 3775 omnes
749 3708 824 3774 duci
847 3707 887 3774 de
910 3730 969 3773 sua
985 3707 1182 3773 liberatione
1200 3704 1327 3792 gratias
1350 3705 1586 3773 exsolverunt.2

679 4031 775 4117 Quod
797 4030 897 4097 stelles
919 4027 1127 4094 videbantur·
1148 4026 1189 4092 dc
1212 4026 1289 4092 coelo
1312 4025 1435 4092 coslare.

519 4225 527 4241 ·
580 4182 705 4247 Eodem
727 4202 815 4245 anno
838 4178 942 4244 stellae
965 4176 1080 4242 cadere
1101 4175 1303 4241 videbantur
1324 4175 1387 4240 sub
1409 4193 1584 4238 numerosa
1595 4187 1698 4256 Palling

518 4283 752 4350 ‚multitudine
781 4282 887 4358 simul,
909 4279 947 4344 in
980 4278 1130 4366 partibus
1159 4277 1278 4342 mundi
1307 4260 1667 4372 occidentalibus&
1680 4259 1730 4308 ²¹¹⁶

517 4386 571 4450 .in
607 4387 740 4473 signum
777 4384 862 4449 sorte
899 4382 1019 4469 stragis
1060 4385 1260 4447 memoratae.
1315 4378 1432 4444 Solent
1469 4383 1583 4442 tamen
1594 4395 1690 4442 ustum.

516 4490 618 4554 ,talia
639 4489 830 4574 frequenter
863 4485 1042 4550 secundum
1064 4484 1170 4570 magis
1193 4487 1228 4548 et
1250 4481 1361 4546 minus
1384 4480 1583 4545 naturaliter

518 4591 685 4658 ‚accidere
732 4590 940 4655 Generantur
961 4585 1051 4652 enim
1072 4585 1110 4649 in
1132 4585 1217 4650 aeris
1238 4583 1347 4650 media
1368 4583 1509 4669 regione,
1523 4581 1582 4649 ubi

518 4693 719 4782 grandines,
738 4693 879 4778 fulgura,
902 4687 1164 4755 choruscationes
1186 4692 1221 4752 et
1255 4687 1404 4751 tonitrua
1425 4706 1582 4771 generan-

517 4804 600 4878 .tur,
631 4796 766 4883 quidam
803 4793 948 4880 igniculi,
984 4792 1041 4877 qui
1073 4812 1106 4855 se
1138 4791 1228 4854 ocius
1258 4810 1317 4875 per
1353 4788 1467 4875 longos
1498 4790 1582 4854 seris

1009 4998 1061 5005 ω».
1071 4998 1080 5004 -
1091 4998 1110 5002 -
1120 4997 1254 5002 Ᾰ--.-..-.-.
1271 4997 1284 5001 ,Α
1294 4996 1322 5002 ...-
1354 4998 1361 5001 .
1373 4996 1382 5001 -

568 5133 574 5162 ¹
587 5131 692 5203 cognito]
711 5128 839 5196 congnito,
851 5126 908 5179 MS.
1046 5122 1053 5189 Ι
1099 5118 1284 5187 2ιπεοὶυεηιιιῑ]
1303 5120 1459 5181 exolverunt,
1470 5118 1528 5169 MS.
