4442 6392
665 1169 730 1231 212
791 1179 957 1231 usurum
980 1176 1193 1229 murmurare
1216 1173 1381 1227 maroam
1403 1174 1606 1225 russonum

495 1458 565 1510 mn.
579 1463 652 1510 nos.
1000 1447 1152 1537 Tltpolia
1178 1446 1388 1535 submotum

497 1603 623 1663 Balcia,
709 1599 773 1666 Per
793 1598 882 1666 idem
915 1604 983 1665 tem
1007 1622 1046 1665 us
1078 1598 1304 1665 Baldeuuinus
1336 1619 1443 1664 comes
1466 1595 1652 1662 Edessanus
1684 1598 1719 1659 et
1729 1598 1889 1664 nagnam

496 1673 615 1787 amtor
633 1701 830 1786 ddocelinus
862 1621 1125 1789 consanguineus
1159 1701 1230 1788 ejus
1273 1651 1362 1766 ddtis
1396 1722 1457 1789 pro
1491 1646 1718 1785 redemptione
1763 1667 1789 1716 ἢ·
1804 1671 1860 1719 ¹⁸⁷¹

496 1751 633 1854 ³⁰3&
662 1827 723 1871 sua
746 1803 925 1882 obsidibus,
947 1826 969 1868 a
991 1802 1172 1869 Turcorum
1194 1754 1336 1869 viliculis
1358 1802 1564 1884 liberantur3
1587 1808 1622 1867 et
1644 1804 1719 1888 post

496 1885 617 1988 mmm
663 1907 733 1973 dies
763 1927 895 1995 paucos,
916 1905 1029 1995 {iidem
1059 1905 1198 1996 obsides,
1229 1904 1424 1971 custodibus
1454 1904 1648 1980 interfectis,
1678 1902 1721 1967 ad

496 2003 589 2055 Tarm
662 2009 795 2097 propria
817 2008 920 2075 libere
953 2012 1034 2074 sunt
1056 2007 1189 2073 reversi.
1236 2007 1429 2094 Eodemque
1451 2028 1540 2073 anno
1564 2006 1721 2073 Bertran-

663 2132 735 2189 nus,
759 2132 866 2176 comes
899 2108 1114 2187 Tholosanus,
1135 2109 1266 2174 comitis
1301 2109 1481 2175 Reimundi
1503 2109 1601 2188 filius,
1631 2106 1721 2195 apud

663 2213 779 2279 urbem
803 2212 1044 2300 Tripolitanum
1067 2234 1142 2278 cum
1166 2211 1266 2277 classe
1296 2211 1519 2278 Januensium
1541 2210 1721 2299 applicans,

431 2383 435 2386 p
497 2321 647 2387 esptnsof
664 2316 820 2393 Biblium,
836 2315 953 2380 urbem
976 2314 1180 2380 maritimam
1202 2313 1347 2380 Foenicis
1365 2314 1518 2403 regionis,
1535 2313 1665 2379 obsedit
1687 2318 1723 2378 et

497 2389 605 2455 Byblus.
663 2418 762 2505 cepit,
786 2422 821 2483 et
844 2415 1045 2484 Ohfistianae
1060 2417 1210 2483 restituit
1232 2417 1365 2484 unitati
1411 2417 1542 2483 Deinde
1565 2421 1639 2505 post
1653 2416 1723 2481 dies

662 2541 793 2607 paucos,
829 2541 891 2585 rex
927 2519 1114 2586 Jerusalem
1153 2519 1376 2602 Buldewinus,
1414 2520 1540 2585 auxilio
1577 2519 1722 2606 ejusdem

496 2618 628 2740 &303⁸
663 2621 792 2688 comitis
814 2626 849 2687 et
872 2620 982 2687 classis
1005 2621 1181 2709 praedictae,
1197 2621 1358 2710 Tripolim
1381 2622 1583 2709 subjugavit,
1599 2626 1635 2688 ut
1649 2641 1722 2687 eam

664 2725 778 2791 comiti
802 2725 990 2789 Bertranno
1013 2724 1160 2790 donavit.

665 3012 836 3092 Robootua
879 3013 1080 3101 quaadoqew
1126 3013 1200 3081 dua
1238 3011 1535 3091 Nmumaaorucm,
1580 3018 1738 3101 propter.

753 3115 874 3182 sctum¹
906 3115 1159 3183 antummum
1180 3115 1278 3204 pejus
1302 3121 1477 3191 tractatur,
1503 3113 1643 3183 laudm
1666 3139 1736 3183 ec.

755 3224 905 3287 caecotur.

497 3383 602 3444 Bobert,
711 3368 870 3455 Tempore
901 3388 1031 3455 quoque
1063 3369 1126 3434 sub
1156 3367 1293 3446 codem,2
1315 3366 1546 3454 multiplicatis
1568 3367 1739 3437 intercus.

499 3449 567 3501 duke
577 3449 609 3500 of

497 3516 655 3583 Noumundy‚

498 3583 644 3664 urelased
665 3578 775 3641 totum
797 3574 959 3639 mundum
973 3574 1044 3662 regi
1065 3580 1100 3640 et
1121 3595 1223 3662 regno
1237 3573 1393 3662 anglia?
1414 3580 1455 3640 nt
1468 3573 1571 3640 frater
1584 3574 1740 3645 fratrem.

465 3649 628 3773 '331³ss-
664 3680 795 3742 teneret
817 3676 1066 3754 incarceratum,
1090 3675 1252 3743 liberatus
1282 3683 1334 3743 est
1356 3699 1378 3742 a
1399 3698 1524 3743 carcere
1547 3677 1740 3758 Robertus„

665 3778 864 3865 quandoque
888 3779 959 3843 dux
990 3777 1267 3860 Normannorum,
1290 3779 1341 3845 ita
1362 3785 1476 3846 tamen
1501 3785 1543 3846 nt
1563 3779 1739 3868 Angliam.

665 3885 827 3968 perpetuo
849 3879 1021 3966 abjuraret
1043 3887 1078 3947 ct
1100 3880 1365 3964 Normanniam;
1400 3888 1436 3948 et
1457 3904 1618 3949 concessae
1641 3889 1739 3949 sunt.

664 3983 696 4049 ei
718 3983 861 4049 induciae
883 3983 942 4048 xu.
966 3983 1095 4050 dierum
1128 3985 1286 4050 etunius
1316 4006 1471 4051 ascensus
1492 3985 1594 4050 maris
1616 3990 1651 4051 et
1672 4006 1739 4051 re.

664 4086 784 4152 fluxus
832 4085 915 4166 Quae
938 4086 994 4153 lex
1010 4085 1165 4153 omnibus
1186 4086 1346 4174 Angliam
1361 4086 1594 4172 abjurantibus
1617 4110 1738 4174 usque.

664 4189 702 4253 in
724 4188 921 4255 hodiernum
954 4189 1043 4255 diem
1066 4190 1262 4257 custoditur.
1309 4188 1477 4255 Robertus
1499 4194 1612 4255 autem
1635 4189 1739 4256 solu·.

664 4295 730 4371 tus,
753 4290 927 4356 immemor
948 4290 1038 4356 iflius
1053 4291 1194 4357 salubris
1209 4291 1345 4368 consilii,
1369 4300 1386 4327 “
1401 4292 1636 4358 Humiliamini
1657 4293 1737 4358 sub.

665 4415 767 4458 manu
782 4391 1028 4479 potentioris,”⁴
1043 4394 1150 4461 elatus
1166 4399 1218 4460 est
1240 4395 1277 4460 in
1299 4393 1498 4482 superbiam,
1513 4394 1599 4460 etin
1613 4394 1739 4461 minas.

664 4495 839 4576 resolutus,
874 4495 998 4561 abusus
1030 4501 1081 4562 est
1115 4496 1341 4564 misericordia
1373 4495 1433 4562 vix
1454 4494 1505 4560 illi
1534 4493 1738 4583 impetrata..

665 3470 795 3536 acribus
817 3471 900 3536 viris
922 3471 1089 3558 gravibus,
1105 3471 1165 3559 qui
1187 3471 1342 3538 dicebant
1356 3471 1551 3558 probrosum
1573 3493 1642 3538 esse
1663 3494 1740 3559 per.

701 4795 951 4861 'cuam]1tepeatcd
967 4797 1033 4848 after
1052 4804 1176 4848 contuma-
1252 4798 1384 4867 'Anqlffl
1430 4799 1566 4865 Repented,
1599 4799 1644 4850 but
1676 4814 1721 4851 ex·

665 4873 1174 4941 ciambutsunckoutbyarecenthand.
1219 4879 1338 4942 puncted.

698 4951 751 5002 ‘In
763 4951 796 5003 A.
810 4953 839 5005 C.
852 4953 885 5004 D.
898 4956 950 5004 and
961 4955 1026 5006 Edd.
1038 4955 1090 5007 this
1097 4965 1173 5009 event
1253 4959 1262 4988 ⁴
1273 4957 1352 5009 Erum
1371 4963 1383 5010 l
1403 4957 1451 5024 Ep.
1471 4957 1527 5011 Pet.
1551 4975 1576 5012 v,
1592 4964 1616 5022 t,
1635 4957 1722 5009 which

666 5030 689 5081 is
707 5032 808 5162 plpcodfl
817 5034 899 5084 under
913 5037 986 5095 1107,
1005 5037 1057 5086 and
1076 5036 1174 5088 related
1219 5037 1293 5089 reads
1299 5039 1395 5103 potenti
1404 5037 1467 5090 wilh
1477 5039 1512 5090 Α
1524 5037 1553 5090 0.
1566 5038 1600 5090 D.

665 5125 729 5180 very
752 5125 790 5162 ne
809 5128 835 5178 y.
