4442 6392
538 1178 585 1226 nn
607 1177 766 1227 rnnroan
787 1177 890 1227 aneis
912 1177 1084 1227 wrmsmn
1108 1178 1270 1240 saeuum,
1290 1179 1357 1229 vrz.
1376 1178 1468 1229 aum.
1525 1167 1589 1236 la?

516 1355 572 1416 .et
608 1350 675 1416 alia
713 1356 828 1417 sancta
857 1351 1051 1438 polluerant,
1087 1351 1219 1438 proprio
1256 1353 1417 1438 sanguine
1454 1354 1754 1422 commanire.

515 1459 755 1521 ‚cruentarat
813 1454 977 1520 decidisse
1000 1460 1114 1519 autem
1144 1455 1333 1521 referuntur
1359 1456 1448 1520 infra
1470 1458 1585 1545 templi

535 1556 698 1623 ambitum
721 1557 764 1623 ad
786 1557 897 1622 decem
920 1557 1012 1622 milia
1035 1558 1225 1638 Turoomm,
1249 1559 1395 1645 exceptis
1418 1559 1500 1639 aliis,
1527 1562 1585 1647 qui

534 1660 655 1746 passim
688 1683 745 1748 per
777 1659 892 1726 urbem
925 1660 1175 1738 truncabantur,
1209 1683 1348 1745 quorum
1379 1662 1487 1727 minor
1515 1685 1585 1731 non

533 1760 634 1831 fuisse
657 1784 814 1829 numerus
836 1762 1011 1831 ferebatur.
1069 1762 1188 1829 Nostri
1214 1785 1330 1850 nempe
1356 1786 1416 1851 per
1437 1765 1527 1831 vicos
1549 1771 1585 1832 et

534 1865 732 1935 diverticula
765 1866 993 1945 discurrentes,
1020 1872 1054 1933 et
1085 1866 1214 1933 occulta
1244 1866 1482 1953 perlustrantes
1511 1869 1586 1935 uni·

535 1991 639 2050 versa,
671 1969 944 2056 patresfamilias¹
978 1991 1053 2035 curn
1086 1968 1269 2035 uxoribus2
1303 1975 1337 2035 et
1368 1970 1488 2046 liberis,
1510 1993 1585 2037 cum

361 2076 523 2196 separent
535 2070 661 2137 familia
682 2078 755 2139 tota
776 2094 819 2138 ex
841 2072 972 2138 secretis
995 2071 1170 2137 domiciliis
1192 2071 1403 2138 extrahentes
1417 2074 1455 2138 in
1476 2074 1586 2161 publi-

439 2150 494 2198 ¹⁴³'
534 2197 618 2252 cum,
641 2180 702 2241 aut
723 2175 842 2261 gladiis
865 2175 1188 2253 transverberabant,
1220 2181 1279 2240 aut
1301 2198 1322 2241 a
1347 2176 1451 2241 muris
1474 2177 1587 2263 praeci-

534 2277 642 2364 pitea8
665 2278 800 2356 dabant,
825 2277 874 2343 ita
896 2284 935 2342 ut
956 2277 1069 2344 fractis
1092 2278 1274 2344 cervicibus
1296 2280 1492 2367 expirarent.
1539 2280 1585 2345 Et

534 2382 722 2468 quicunque
744 2383 879 2447 domum
902 2380 957 2446 vel
987 2381 1149 2467 palatium
1181 2381 1386 2468 confringere
1416 2382 1470 2448 vel
1493 2383 1584 2470 prius

533 2484 658 2550 intrare
680 2490 820 2571 poterat,
844 2505 882 2549 ea
902 2483 967 2548 sibi
1000 2505 1074 2548 cum
1106 2485 1263 2549 universa
1294 2485 1483 2551 substantia
1509 2485 1584 2572 jure

533 2592 691 2674 perpetuo
726 2586 934 2654 vendicabat.
991 2585 1046 2653 Sic
1076 2587 1164 2651 enim
1196 2587 1284 2652 inter
1316 2587 1479 2674 principes
1508 2609 1585 2653 con-

533 2695 679 2768 venerat,
712 2696 747 2756 et
777 2689 992 2756 acclamatum
1027 2690 1144 2770 fuerat,
1167 2696 1215 2771 ut,
1259 2690 1342 2755 urbe
1371 2690 1585 2778 expugneta⁴
1621 2699 1642 2771 J

533 2794 567 2858 id
589 2795 680 2881 quod
702 2795 843 2879 quilibet
865 2794 1062 2879 adquireret,
1073 2793 1151 2879 jure
1173 2794 1373 2861 hereditario
1395 2796 1583 2882 possideret

534 2895 634 2962 Unde
657 2897 844 2982 quicunque
865 2896 958 2983 prius
984 2897 1119 2961 domum
1141 2898 1196 2962 vel
1218 2897 1394 2963 aediticium
1417 2900 1583 2985 quodcun-
1657 2911 1661 2917 '

533 3021 596 3084 que
633 3000 813 3086 occupavit,
849 2999 1010 3065 vexillum
1044 2999 1099 3065 vel
1131 3000 1281 3087 clipeum,
1324 3001 1378 3066 vel
1412 3002 1584 3088 quodlibet

365 3113 409 3165 aa
422 3118 453 3164 al
466 3131 493 3168 a.
533 3124 698 3167 armorum
720 3124 824 3189 genus
846 3102 882 3167 in
906 3103 1046 3168 introitu
1069 3103 1262 3189 configebat,
1277 3109 1316 3170 ut
1335 3109 1421 3171 esset
1443 3104 1583 3193 signum,

532 3227 574 3271 ne
597 3205 670 3291 quis
692 3205 777 3272 alius
799 3205 935 3292 aggredi
958 3205 1208 3293 praeoccupata⁶
1229 3212 1449 3293 praesumeret.

704 3416 887 3502 Principes
909 3415 1020 3482 rrostri
1043 3416 1115 3482 loco
1136 3424 1257 3482 rorida
1275 3425 1405 3502 pretulit.

366 3559 522 3628 Rogwend.
581 3552 730 3619 Ciuitate
767 3555 881 3640 itaque
918 3553 1103 3640 subjugata,
1137 3559 1172 3620 et
1203 3554 1316 3641 spoliis
1352 3577 1373 3619 a
1404 3554 1584 3642 peregrinis
1597 3564 1653 3643 Tl⁶

398 3630 426 3680 ii.
440 3635 495 3683 14³.
1548 3657 1585 3722 in
1596 3645 1696 3710 princes

535 3655 677 3722 collectis
715 3661 750 3722 et
787 3655 958 3744 colligatis,
996 3662 1175 3744 coeperrmt,
1209 3655 1365 3744 depositis
1401 3658 1510 3735 armis,
1596 3697 1709 3748 vrsitthe

532 3758 654 3845 spiritu
675 3757 873 3824 humilitatis
896 3781 970 3824 cum
992 3758 1119 3846 gemitu
1143 3763 1178 3823 et
1199 3757 1350 3836 lacrimis,
1372 3759 1471 3823 nudis
1493 3759 1658 3845 pedi-hou

532 3858 604 3940 bus,
628 3861 699 3926 loca
714 3861 924 3938 venerabilia,
940 3882 1014 3946 quae
1030 3860 1185 3926 Salvator
1207 3860 1339 3946 propria
1362 3860 1518 3947 dignatus
1533 3867 1583 3926 est
1596 3831 1687 3896 ΡΜ

533 3964 736 4029 sanctificare
770 3964 953 4052 praesentia,
988 3985 1062 4029 cum
1094 3962 1186 4027 omni
1223 3963 1399 4028 devotione
1438 3964 1582 4043 circuire,

533 4074 567 4134 et
589 4066 774 4154 specialiter
796 4067 963 4133 eeclesiam
985 4073 1107 4133 sancta
1130 4065 1375 4131 resurrectionis
1405 4071 1440 4131 et
1470 4067 1584 4133 Domi·

531 4171 615 4237 nicae
652 4170 818 4258 passionis.
876 4170 958 4234 Erat
996 4175 1107 4235 autem
1144 4169 1268 4234 intueri
1301 4169 1583 4256 jocundissimum,

533 4278 657 4359 quanta
679 4274 853 4338 devotione
875 4273 988 4338 fideles
1011 4271 1125 4359 populi
1147 4272 1321 4358 utriusque
1336 4294 1442 4348 sexus,
1459 4277 1584 4359 quanta

533 4377 653 4443 mentis
676 4377 880 4444 exultatione
903 4382 938 4442 et
960 4375 1130 4443 dulcedine
1162 4375 1334 4462 spirituali,
1366 4373 1514 4462 suspiriis
1548 4381 1583 4440 et

532 4480 674 4547 lacrimis
697 4479 841 4545 ubertim
864 4478 1014 4565 profirsis,
1046 4480 1089 4544 ad
1120 4478 1190 4544 loca
1224 4484 1337 4544 sancta
1370 4477 1583 4560 accederent3

533 4589 673 4670 quantas
695 4583 819 4670 gratias
851 4582 922 4647 Deo
956 4587 1100 4668 agerent,
1136 4582 1193 4667 qui
1227 4586 1332 4646 tantae
1364 4582 1411 4646 eis
1441 4581 1582 4668 peregri·

1085 4773 1112 4778 -..
1125 4771 1310 4778 -----———

567 4904 574 4933 ¹
582 4900 793 4969 patresfamiliae]
812 4900 851 4951 At
869 4900 924 4950 firrt
935 4897 1035 4949 written
1103 4897 1272 4963 'propinq
1293 4897 1436 4963 Originally
1443 4898 1583 4964 precepto.

531 4980 743 5047 patremfamilias,
753 4997 780 5031 as
793 4980 820 5029 in
829 4980 871 5031 W.
880 4980 913 5030 A.
923 4979 952 5032 C.
962 4979 996 5028 D.
1004 4978 1033 5028 F.
1103 4977 1112 5005 ⁴
1124 4976 1276 5042 expugnato]
1296 4990 1467 5043 expungnare,
1479 4977 1536 5029 MS.

567 5063 720 5129 ‘eremitafl
748 5063 786 5115 At
812 5061 875 5121 first,
902 5077 984 5117 name,
1007 5075 1035 5110 aa
1103 5057 1309 5123 ὁρητοειηιριιω]
1328 5066 1485 5124 preocupata,
1496 5058 1553 5110 Ms.

535 5145 577 5195 W.
590 5146 619 5195 C.
631 5146 664 5194 D.

1383 5223 1452 5284 aa>
