4442 6392
604 1114 606 1119 ’
647 1107 713 1170 384
774 1119 941 1172 usinum
964 1120 1177 1173 rnarsmusrs
1200 1122 1365 1173 merome
1386 1123 1587 1174 munorum.

477 1404 546 1457 AD.
560 1409 632 1457 1174.
645 1393 778 1483 Incipit
799 1397 1010 1484 perturbatio
1032 1396 1119 1484 repis
1140 1395 1289 1463 Heortei
1312 1396 1365 1462 ΙΙ.
1390 1403 1482 1464 uuoto
1500 1418 1562 1485 per
1576 1397 1700 1486 fitium

991 1523 1097 1567 suune
1115 1498 1355 1588 Histricum}

476 1660 573 1727 Philip,
689 1645 862 1734 Philippus
895 1647 993 1726 enim,
1025 1669 1133 1715 eomes
1171 1646 1391 1727 Flandrensis,
1424 1652 1584 1734 praesente
1622 1669 1698 1734 rege
1709 1665 1874 1747 Ropwme

475 1728 597 1845 ffidfs
645 1747 846 1814 Francorum
877 1748 1052 1816 Lodowieo
1074 1756 1108 1816 et
1134 1748 1316 1835 majoribus
1345 1750 1439 1836 regni
1468 1750 1567 1832 illius,
1598 1752 1697 1816 tactis
1743 1750 1770 1786 ¹¹·
1782 1740 1842 1788 ³⁷⁶·

475 1833 605 1912 immund
642 1851 791 1938 reliquiis
801 1853 984 1939 juraverat,
1001 1853 1091 1938 quod
1114 1851 1200 1917 infra
1215 1853 1284 1917 dies
1299 1874 1353 1918 xv,
1370 1859 1444 1941 post
1467 1859 1549 1919 tuno
1570 1855 1698 1919 instans
1817 1927 1819 1941 Ι

475 1929 622 2044 pgppnofthe
642 1954 763 2020 festum
787 1955 892 2021 saneti
914 1955 938 2021 J
939 1956 1089 2034 ohannis,
1104 1955 1141 2020 in
1156 1977 1257 2020 manu
1272 1954 1352 2020 forti
1367 1955 1526 2042 Angliam
1548 1957 1698 2036 intraret,

475 2011 562 2126 {ins-g
643 2061 678 2122 et
699 2058 787 2145 regis
809 2080 882 2123 eom
900 2057 1036 2143 juvenis
1059 2058 1219 2146 potestati
1242 2058 1442 2146 subjugaret.
1490 2058 1564 2139 Qua
1577 2060 1699 2125 fiducia

493 2170 609 2238 letuly.
642 2182 702 2225 rex
719 2161 834 2245 junior
855 2161 1085 2238 intumescens,
1108 2161 1214 2248 pridie
1237 2161 1311 2226 idus
1331 2160 1416 2227 Julii
1438 2163 1526 2250 apud
1550 2162 1698 2228 Witsant

642 2264 746 2344 venit,
769 2263 983 2351 Radulphum
1013 2263 1109 2331 dela
1131 2264 1219 2329 Haie
1249 2263 1285 2328 in
1315 2263 1473 2351 Angliam
1495 2287 1569 2330 oum
1592 2265 1699 2330 multo

473 2384 531 2436 The
545 2366 763 2436 mem-militia
784 2366 1043 2433 transmissurus
1091 2366 1209 2434 Oomes
1240 2388 1319 2432 vero
1350 2366 1564 2433 Flandrensis
1597 2374 1697 2434 oectoe.

472 2451 607 2570 {352⁰ss
642 2472 677 2534 et
699 2491 731 2535 x.
755 2473 791 2536 et
812 2470 897 2536 viiio.
920 2469 1045 2536 milites
1073 2469 1325 2558 probatissimos
1348 2470 1392 2534 ad
1413 2470 1696 2536 transfretandum

474 2586 631 2647 OrwelLand
642 2572 855 2660 praemiserat,
877 2573 936 2638 sed
957 2578 1134 2661 postquam
1150 2571 1247 2660 'apud
1270 2570 1464 2636 Orewessam
1480 2572 1517 2636 in
1539 2573 1696 2659 Anglium

471 2660 601 2772 {ffi'issh
641 2679 721 2741 sunt
743 2676 882 2764 appulsi,
898 2678 1006 2742 xvu1⁰.
1033 2676 1193 2742 kalendas
1219 2675 1311 2755 Julii,
1340 2674 1435 2740 sociis
1455 2697 1568 2741 eorum
1590 2677 1696 2740 maxi-

493 2791 523 2836 14
534 2785 611 2839 June.
640 2801 696 2843 ma
716 2783 811 2865 parte
833 2778 1038 2865 periclitatis,
1064 2778 1244 2866 Hugonem
1269 2777 1377 2862 Bigod
1405 2779 1559 2844 comitem
1586 2800 1696 2844 seeum

639 2881 715 2946 ilico
730 2887 985 2968 assumpserunt.
1031 2880 1288 2966 Norwieumque
1310 2880 1507 2946 invadentes
1529 2887 1696 2968 oeperunt,

639 2982 871 3068 infinitumque
891 2982 1066 3070 pecuniam
1089 2983 1168 3049 inde
1192 2982 1410 3060 sustulerunt,
1436 2988 1471 3049 et
1493 2984 1616 3048 multos
1638 2983 1695 3048 ab·

473 3204 583 3271 Thebp.
639 3189 899 3276 redemptionem
922 3189 1160 3275 compulerunt
1217 3188 1315 3269 Quod
1337 3188 1490 3253 videntes
1515 3187 1693 3273 justiciarii
1705 3191 1871 3273 Ros-werd.

472 3274 604 3392 {ma
638 3293 734 3380 regis,
749 3292 791 3357 de
806 3292 940 3357 oonsilio
955 3292 1122 3358 communi
1143 3290 1307 3357 miserunt
1321 3290 1365 3356 ed
1379 3312 1488 3378 regem
1506 3291 1692 3369 Rioerdum,
1739 3261 1840 3316 ΜΠ·

472 3407 611 3460 unirent
640 3395 906 3462 wintoniensem
933 3395 1085 3473 electum,
1114 3395 1173 3481 qui
1196 3393 1342 3482 pericula
1367 3393 1499 3481 Angliae
1521 3395 1695 3460 imminen-

436 3585 438 3588 ‚
471 3473 607 3542 ΗΜ·
639 3496 707 3564 uu
724 3499 830 3564 eidem
844 3498 986 3564 fisenus
999 3498 1178 3563 aramme
1226 3496 1293 3578 oui
1308 3496 1458 3562 eleuter
1472 3498 1509 3561 in
1531 3496 1695 3563 norman-

662 3916 733 3983 Rea
764 3921 865 4003 putee
893 3914 1033 3982 ueniens
1066 3913 1110 3980 io
1136 3912 1318 4000 Arretium,
1348 3913 1482 3982 beatum
1516 3912 1677 3981 tironium

894 4025 1018 4106 petens,
1044 4015 1174 4104 seipsi
1199 4015 1440 4084 reomeeiliouit.
1712 4033 1718 4045 ·

471 4186 627 4253 Henryprs-
683 4168 757 4233 Rex
779 4172 892 4233 autem
924 4166 1026 4232 talem
1049 4164 1209 4232 nuncium
1243 4165 1358 4231 debita
1379 4186 1454 4232 eum
1476 4165 1691 4233 veneratione
1700 4181 1870 4251 Repetens

471 4261 582 4372 {32ss
638 4270 828 4358 suscipiens,
858 4275 894 4335 et
928 4290 962 4334 se
995 4269 1038 4333 ad
1070 4268 1142 4355 ejus
1173 4267 1439 4334 exhortationem
1478 4269 1690 4336 transfretm
1735 4252 1763 4303 ii.
1776 4260 1837 4307 377.

529 4388 590 4467 und
639 4395 838 4462 praeparans,
871 4372 1021 4459 reginam
1052 4370 1246 4436 Alienoram
1277 4371 1489 4458 reginamque
1522 4372 1691 4460 Margare-

471 4453 586 4589 {nigffl
639 4482 719 4555 tam,
733 4477 839 4541 filium
862 4479 897 4540 et
918 4473 1023 4539 filiam
1037 4473 1061 4538 J
1063 4473 1230 4538 ohannem
1252 4478 1288 4539 et
1303 4472 1327 4538 J
1328 4472 1495 4540 ohannam
1508 4496 1618 4541 seeum
1634 4476 1692 4540 ad-

562 4559 569 4572 ·
639 4579 756 4659 duxit;
778 4577 932 4644 comitem
956 4597 1086 4663 quoque
1102 4575 1406 4663 Legreeestrensem
1421 4581 1457 4642 et
1480 4577 1690 4658 comitissam,

638 4681 785 4767 aliosque
808 4678 1079 4767 quamplurimos,
1111 4699 1195 4764 quos
1216 4677 1355 4744 tenebat
1376 4678 1413 4743 in
1435 4677 1587 4758 vinculis,
1610 4685 1690 4745 ants

637 4785 754 4850 faeiem
776 4804 870 4848 suam
895 4781 1145 4849 Barbefluvium
1166 4780 1345 4868 praemisit;
1367 4780 1435 4862 ubi,
1450 4781 1594 4847 navibus
1616 4804 1692 4847 oon·

970 5056 976 5086 ¹
991 5054 1152 5121 imminentia]
1170 5054 1312 5116 iminencia,
1322 5055 1380 5106 MS.
