4442 6392
578 1177 625 1225 nn
646 1177 806 1227 raurona
829 1177 931 1227 annrs
955 1178 1126 1228 ursanum
1149 1180 1309 1243 sncunnr,
1332 1183 1396 1232 viz.
1421 1184 1515 1234 surr.
1545 1172 1605 1234 131

554 1351 818 1440 indignationem
841 1353 1068 1441 concipientes,
1092 1353 1207 1419 urbem
1230 1356 1337 1421 acrius
1359 1358 1774 1444 aggrediuntur.a1).1oss.

554 1454 600 1520 Et
621 1461 697 1542 post
719 1457 846 1543 aliquot
869 1456 997 1522 dierum
1020 1455 1259 1536 infestationes,
1274 1459 1447 1545 applicatis
1469 1461 1513 1525 ad
1536 1484 1608 1527 mu·

553 1579 627 1622 rum
649 1559 753 1639 scalis,
777 1558 902 1624 moenia
925 1559 1089 1624 violenter
1115 1561 1306 1637 ascendunt,
1333 1562 1512 1649 urbemque
1535 1564 1606 1630 sine

553 1660 644 1725 omni
659 1660 828 1727 obstaculo
851 1661 997 1748 ingressi,
1014 1682 1088 1727 eam
1102 1685 1242 1728 vacuam
1265 1664 1474 1732 invenerunt
1507 1664 1606 1733 (lives

552 1785 694 1850 namque
724 1765 766 1830 ad
799 1760 988 1851 speluncas¹
1025 1765 1279 1832 subterraneas2
1301 1789 1370 1833 sese
1393 1769 1605 1848 conferentes,

552 1886 619 1932 suae
641 1865 751 1945 saluti,
777 1867 819 1931 ad
850 1873 980 1954 tempus
1006 1868 1133 1950 saltem,
1157 1868 1390 1955 providenmt;
1424 1872 1481 1936 sed
1507 1894 1604 1938 mane

469 1989 473 1996 ’
551 1967 638 2035 facto
669 1969 783 2048 nostri,
817 1970 859 2034 ad
893 1969 1065 2056 speluncas
1095 1972 1232 2059 ignibus
1265 1972 1448 2060 applicatis,
1474 1996 1528 2040 eos
1559 1975 1603 2040 ad

551 2070 753 2137 deditionem
769 2072 1008 2160 compulerunt,
1029 2078 1063 2138 et
1086 2074 1210 2160 partim
1233 2076 1397 2162 capitibus
1412 2077 1601 2163 amputatis,

552 2174 674 2240 multos
697 2175 836 2241 vinculis
860 2176 1100 2263 mancipanmt.
1148 2176 1333 2243 Undecimo
1353 2200 1433 2243 vero
1457 2178 1511 2244 die
1534 2179 1601 2245 De·

551 2279 690 2344 cambris
712 2281 852 2344 moritur
874 2279 997 2344 ibidem
1013 2279 1206 2359 Willelmus,
1223 2280 1432 2346 Aurasiensis
1454 2282 1601 2360 antistes,

550 2380 603 2445 vir
624 2381 795 2467 religiosus
817 2387 851 2446 et
877 2381 998 2467 justus,
1022 2403 1061 2446 ao
1090 2382 1212 2447 timens
1241 2382 1357 2448 Deum.
1404 2383 1602 2449 Manserrmt

550 2490 661 2550 autem
679 2486 716 2549 in
735 2486 818 2550 urbe
840 2484 899 2549 illa
920 2483 1085 2573 peregrini
1100 2508 1159 2572 per
1181 2507 1328 2550 mensem
1351 2508 1455 2551 unum
1479 2491 1515 2552 et
1530 2487 1601 2553 dies

549 2587 636 2653 iiii⁰¹.

551 2832 722 2918 Quoawdo
744 2856 803 2901 ren
817 2832 1014 2920 Arisbam
1034 2830 1222 2899 Willebma
1243 2854 1390 2918 repausa
1404 2834 1448 2900 ica
1462 2832 1602 2902 tributio

826 2943 857 3002 et
878 2934 1109 3003 coactionibus
1129 2935 1329 3022 provocarit.

381 3068 539 3160 &alvena
597 3085 789 3172 Eodemque
825 3107 912 3151 anno
948 3107 1009 3151 rex
1042 3084 1228 3171 Anglorum
1258 3083 1453 3163 Willelmus,
1485 3106 1603 3173 cogno·
1615 3095 1741 3149 Grievous

412 3161 441 3212 ii.
457 3168 511 3216 128.

379 3240 425 3291 tou
440 3247 472 3293 28
482 3242 504 3296 b.

1569 3186 1576 3201 ·
1614 3164 1761 3228 oppression

534 3188 688 3266 ,monto,³
718 3189 835 3276 capite,
866 3180 901 3254 eb
929 3192 1040 3253 mente
1070 3187 1178 3253 Rufus
1208 3193 1242 3253 et
1270 3187 1438 3274 vulpinus,
1471 3188 1537 3253 fuit
1566 3210 1603 3252 m
1614 3231 1695 3282 ofthe

552 3292 768 3409 Noormpnnia,
799 3291 885 3357 curis
915 3290 1045 3406 martiis
1058 3289 1289 3407 mancipatus,
1321 3291 1480 3407 populum
1509 3291 1603 3378 regui
1614 3298 1748 3415 ffilffir

551 3396 688 3461 trrbutrs
711 3400 746 3460 et
768 3417 871 3460 varus
901 3393 1132 3460 exactionibus
1162 3391 1320 3479 affligens,
1352 3392 1504 3458 ommbus
1534 3415 1601 3458 mo·
1614 3431 1703 3482 Rufus

530 3497 652 3563 -lestus
682 3504 717 3562 et
753 3497 902 3574 infestus,
941 3496 1053 3561 omnia
1090 3494 1262 3574 abradens,
1291 3495 1402 3560 omnia
1431 3494 1602 3575 auferans;

531 3600 796 3666 maledictiones
818 3599 966 3664 omniurn
981 3603 1016 3664 et
1038 3596 1291 3685 imprecationes
1312 3619 1521 3684 nequaquam
1543 3598 1602 3664 ab·

529 3702 688 3770 -horruit
733 3702 828 3767 Inter
851 3723 933 3787 quas
956 3698 1104 3785 injurias,
1128 3707 1200 3767 tam
1229 3723 1251 3765 a
1272 3699 1480 3766 Normannia
1502 3721 1602 3785 quam

530 3806 674 3894 ·Anglia
693 3810 729 3871 et
750 3805 824 3870 aliis
846 3805 944 3869 terris
968 3803 1142 3890 pecuniam
1165 3824 1235 3868 non
1256 3803 1429 3867 minimam
1452 3803 1602 3880 extorsit,

529 3909 610 3974 ·sub
634 3913 774 3994 optentu
795 3905 941 3993 justitiae
967 3928 1061 3971 suam
1084 3905 1225 3992 pallians
1250 3904 1437 3982 avaritiam,
1459 3911 1494 3971 et
1515 3927 1602 3971 asse-

529 4034 625 4077 -rens
654 4034 688 4077 se
715 4033 787 4076 eam
814 4010 958 4075 Roberto
984 4009 1082 4074 fratri
1105 4030 1175 4090 suo,
1199 4009 1272 4075 Deo
1295 4010 1332 4075 in
1355 4008 1455 4074 Terra
1479 4007 1602 4074 Sancta

528 4115 718 4193 -militanti,
750 4136 808 4202 per
839 4113 1043 4200 Templan'os
1072 4113 1345 4178 transmissurum
1375 4112 1528 4194 fideliter,
1557 4112 1602 4177 ad

527 4239 680 4304 precum
707 4239 840 4283 suarum
863 4217 1060 4282 instantiam
1089 4216 1365 4304 urgentissimam
1424 4215 1488 4281 Oui
1516 4214 1602 4280 indi·

528 4322 650 4409 ·genti,
672 4325 713 4386 ut
735 4319 873 4396 dicebat,
900 4318 1046 4385 fraterno
1066 4319 1187 4384 affectu
1221 4317 1493 4405 compatiebatur,
1519 4315 1599 4403 qui⁴

527 4424 634 4489 nihil
663 4423 797 4511 penitus
826 4423 1086 4502 transmittebat,
1117 4422 1174 4488 sed
1210 4424 1322 4508 potius
1355 4427 1478 4486 terram
1507 4441 1601 4486 suam

528 4572 535 4587 .
548 4527 799 4615 depauperabat.

584 4830 741 4899 'speluncad
762 4833 808 4884 Aa
830 4846 931 4884 erasme
948 4830 982 4881 οἰ
996 4837 1047 4880 two
1127 4826 1312 4892 ⁸coyaomeato]
1333 4823 1599 4892 coagmentatis.

547 4910 633 4963 letters
643 4928 731 4964 oecnrs
744 4913 772 4963 in
783 4913 827 4965 the
842 4912 939 4963 middle
954 4911 985 4963 ol
996 4910 1048 4961 this
1126 4909 1136 4937 ⁴
1147 4907 1202 4972 qur]
1222 4907 1265 4958 On
1280 4922 1313 4956 an
1330 4921 1438 4968 erasure,
1449 4907 1500 4958 aad
1519 4904 1599 4969 origi·

546 4994 624 5042 word
1093 4989 1164 5053 nally
1174 4986 1275 5039 written
1286 4987 1334 5037 cui.

578 5073 588 5103 ²
599 5070 786 5140 subterraneas]
800 5073 968 5132 subtemen,
977 5069 1034 5121 MS·

1407 5236 1422 5283 1
1446 5221 1466 5282 2
