4442 6392
627 1183 690 1250 154
758 1196 924 1249 ulmum
947 1194 1160 1248 rsmsmusn
1182 1191 1344 1247 maroam
1365 1192 1565 1247 monosmt

457 1381 525 1433 AD·
541 1387 612 1434 109⁹·
625 1376 777 1453 acierum,
795 1395 854 1461 pro
876 1395 912 1439 re
936 1374 1021 1438 bene
1036 1377 1132 1459 gesta
1154 1372 1346 1458 frequenter
1367 1390 1389 1435 a
1402 1389 1455 1436 me
1478 1375 1697 1436 memoratus.

625 1483 661 1543 et
690 1476 931 1556 memorandus,
958 1476 1165 1541 admiravisii
1193 1473 1411 1541 standardum
1433 1473 1572 1561 alonge
1602 1495 1696 1539 con-.

625 1577 782 1660 sidereus,
815 1579 903 1665 quod
932 1579 969 1643 in
1000 1579 1197 1645 summitate
1228 1578 1337 1644 hastae
1368 1575 1496 1643 tolum¹
1529 1577 1675 1643 habebat

623 1702 766 1761 aureum,
790 1682 888 1747 hasta
909 1703 987 1746 vero
1013 1685 1153 1768 argento
1182 1686 1338 1768 cooperta
1367 1681 1542 1757 albicabat,
1565 1680 1675 1766 ipsum

458 1806 514 1856 The
625 1785 842 1873 deprehendit
856 1785 979 1850 ibidem
1003 1806 1080 1851 esse.
1129 1784 1174 1849 ut
1197 1783 1355 1850 audacter
1369 1805 1428 1871 per
1442 1784 1567 1849 medias
1581 1784 1676 1860 acies,

458 1872 594 1991 ffihu
624 1888 702 1955 hine
724 1890 803 1955 inde
825 1889 1017 1976 fulgurante
1031 1887 1168 1974 gladic,2
1183 1888 1299 1954 ancis
1324 1887 1564 1964 corruentibus,
1578 1909 1694 1973 super·

458 2009 586 2059 woundeu
624 2014 699 2057 eum
729 1993 936 2057 truculenter
972 1990 1108 2069 irruens,
1142 1992 1186 2056 ad
1217 1997 1358 2057 mortem
1389 2011 1494 2077 usque
1527 1992 1676 2077 graviter

624 2095 757 2181 ipsum⁸
778 2095 977 2161 vulneravit.
1025 2094 1123 2174 Quod
1137 2095 1263 2160 sactum
1287 2115 1354 2160 non
1377 2093 1574 2159 mediocrem
1597 2114 1675 2179 gen-

624 2197 741 2262 tilibus
763 2198 902 2265 incussit
921 2196 1132 2263 formidinem
1163 2219 1237 2263 oum
1263 2197 1470 2278 diffidentia,
1494 2196 1562 2261 dux
1586 2196 1674 2260 enim

624 2299 666 2366 ad
689 2321 765 2365 suos
788 2299 974 2386 indempnis
995 2301 1163 2366 remeavit.

684 2543 900 2613 carcerario
922 2540 1152 2611 admiscuisti
1173 2537 1349 2609 uolnerati
1370 2547 1401 2609 et
1417 2542 1496 2629 josua
1517 2537 1607 2610 uicti.

457 2711 592 2764 Lamenta-
669 2695 912 2762 Admiravisius
953 2699 1067 2760 autem
1104 2695 1165 2759 vix
1201 2693 1378 2780 palpitans,
1408 2693 1555 2762 letaliter
1586 2696 1674 2760 enim
1687 2706 1846 2772 urguent.

457 2779 604 2899 {iffiiffl
624 2801 825 2878 vulneratus,
849 2798 919 2863 alto
943 2803 1074 2883 pectore
1097 2797 1271 2883 ingemuit,
1296 2802 1332 2861 et
1354 2797 1542 2882 hujusmodi
1565 2799 1675 2884 planc—
1720 2775 1748 2826 ii.
1763 2780 1817 2826 ¹⁴⁹·

624 2907 697 2968 tum
734 2900 1025 2988 prorumpentibus
1054 2899 1255 2985 singultibus
1287 2901 1405 2979 emisit,
1438 2902 1497 2966 “O
1529 2902 1676 2966 emnium

625 3005 772 3084 Creator,
789 3004 870 3089 quid
895 3003 957 3067 hoc
982 3006 1057 3067 estl
1107 3000 1197 3081 Quid
1224 3002 1368 3067 accidit?
1422 3002 1519 3083 Quod
1548 3003 1677 3068 fatum⁴

622 3107 718 3173 nobis
749 3107 908 3170 infestum
942 3104 1080 3170 nocuitl
1126 3104 1205 3170 Heu
1235 3104 1326 3182 mihi,
1361 3105 1486 3191 quam⁵
1508 3106 1674 3172 ineffabile

623 3209 772 3289 dedecus,
784 3229 883 3293 quam
895 3205 1091 3271 diuturnum
1106 3205 1344 3292 improperium
1360 3207 1454 3293 genti
1468 3214 1592 3275 nostrae
1602 3230 1677 3274 con·

622 3312 721 3399 tigit!
769 3310 858 3376 Gens
880 3308 1000 3374 misera
1016 3314 1050 3373 et
1065 3308 1201 3387 misella,
1218 3309 1347 3374 modica
1361 3316 1396 3376 et
1418 3310 1569 3378 mendica
1583 3313 1677 3399 genti
1707 3319 1749 3369 fol.
1762 3325 1825 3372 ³2a.

622 3421 745 3481 nostrae
761 3411 948 3501 prevaluit!
975 3410 1076 3477 Unde
1091 3411 1176 3477 hoel
1209 3411 1450 3493 Conventione,
1465 3415 1548 3499 proh
1564 3414 1674 3481 dolor!

623 3518 720 3595 facta,
742 3513 869 3582 adduxi
901 3514 966 3579 huc
986 3515 1134 3580 militum
1165 3515 1310 3580 ducenta
1340 3516 1439 3595 milia,
1464 3524 1498 3581 et
1523 3517 1674 3603 peditum

623 3643 763 3707 quorum
785 3639 961 3683 numerum
984 3616 1118 3683 excedit
1137 3617 1327 3698 multitud0,
1352 3640 1435 3705 quos
1458 3619 1524 3685 toti
1550 3620 1675 3686 mundo

622 3723 747 3789 credidi
769 3720 1007 3809 praevalituros.
1055 3720 1154 3785 Nunc
1178 3727 1300 3801 autem,
1323 3725 1362 3786 ut
1385 3743 1453 3786 non
1476 3722 1626 3801 mentiar,
1655 3747 1676 3789 a

622 3827 731 3892 minus
753 3848 853 3912 quam
875 3825 966 3890 mille
988 3821 1153 3889 militibus
1176 3828 1211 3888 et
1233 3824 1346 3910 paucis
1367 3823 1517 3911 peditum
1540 3824 1675 3891 milibus

622 3937 692 3996 tarn
707 3928 906 4008 indecenter,
923 3933 992 3991 tam
1014 3923 1266 4012 inopinabiliter
1288 3932 1367 4009 sunt
1390 3928 1558 4015 superatil
1603 3929 1694 3993 Aut.

622 4031 737 4121 procul
774 4030 876 4096 dubio
914 4029 1046 4095 illorum
1089 4029 1180 4094 Deus
1214 4030 1424 4116 omnipotens
1455 4036 1513 4109 est,
1544 4037 1579 4097 et
1609 4054 1669 4119 pro
1686 4042 1845 4122 Repuenu.

623 4136 670 4201 eis
704 4132 855 4222 pugnat,⁰
892 4139 952 4197 aut
999 4138 1111 4197 noster
1149 4130 1245 4198 nobis
1290 4132 1395 4198 iratus
1439 4139 1499 4214 est,
1542 4141 1576 4200 et
1613 4157 1673 4200 nos
1719 4125 1746 4160 ¹¹·
1761 4116 1816 4162 ¹⁵⁰·

622 4239 721 4303 nimis
747 4242 879 4302 austero
913 4234 1022 4300 furore
1056 4236 1228 4323 redarguit
1254 4241 1289 4300 et
1315 4235 1463 4323 castigat.
1509 4237 1674 4324 Quicquid

622 4341 802 4426 contingat,
819 4339 880 4404 hoc
903 4338 975 4419 erit,
1002 4338 1091 4423 quod
1113 4337 1150 4402 in
1174 4360 1228 4404 eos
1251 4338 1359 4404 denuo
1382 4361 1449 4404 non
1473 4339 1589 4428 erigar,
1617 4342 1674 4407 sed

623 4444 665 4510 ad
697 4441 839 4530 patriam
869 4462 976 4505 meam
1007 4439 1244 4528 ignominiosus
1275 4448 1309 4506 et
1338 4441 1500 4520 confusus
1523 4449 1692 4510 mortuus.

657 4746 664 4775 ¹
678 4742 761 4809 mlum]
781 4758 890 4807 pomum,
906 4742 948 4792 W.
970 4741 1003 4790 Α.
1024 4741 1053 4793 O.
1072 4743 1104 4791 D.
1119 4763 1126 4800 ς
1149 4782 1151 4787 ,
1174 4745 1284 4805 Baldric,
1296 4745 1480 4806 Histllieros,
1493 4761 1517 4809 p.
1529 4751 1595 4807 1383
1613 4748 1674 4797 Ord.

623 4839 724 4887 pomum
735 4823 777 4872 vel
787 4823 875 4882 tolum,
887 4823 916 4872 F.
1148 4842 1150 4893 }
1174 4824 1228 4873 via
1238 4824 1275 4875 iii.
1286 4830 1333 4874 619
1346 4846 1352 4884 ;
1373 4826 1435 4874 with
1448 4825 1531 4875 whom
1542 4841 1617 4892 agree
1631 4827 1673 4876 W.

656 4906 666 4933 ²
676 4901 770 4969 plodio]
791 4902 833 4954 On
844 4917 877 4952 an
889 4917 997 4953 erasure.
1147 4904 1149 4936 ¹
1173 4902 1208 4973 ri.
1217 4903 1245 4954 C.
1259 4904 1289 4968 L,
1299 4905 1332 4953 all
1345 4905 1376 4954 of
1384 4905 1468 4954 which
1478 4905 1641 4970 havesctam.

656 4985 666 5012 ⁸
678 4982 770 5048 iprum]
788 4982 881 5032 Added
891 4981 920 5031 in
930 4997 1010 5049 marg.
1146 4979 1149 5069 i
1205 4985 1215 5012 ⁵
1227 4984 1312 5050 φιαηι]
1331 4987 1406 5049 quod,
1418 4985 1474 5036 MS.
1487 4987 1537 5035 und
1549 4986 1578 5036 F.
1605 4986 1673 5037 Gerr.

657 5064 665 5092 ⁴
670 5062 770 5129 sctum]
789 5061 893 5122 sactum,
904 5061 962 5113 MS.
978 5063 1029 5112 and
1040 5061 1072 5111 D.
1085 5060 1125 5122 R,
1170 5065 1236 5113 from
1247 5062 1289 5113 W.
1298 5063 1332 5112 A.
1343 5064 1371 5115 C.
1380 5064 1414 5113 D.

622 5143 668 5194 but
687 5140 856 5207 erroneously,
876 5156 905 5191 es
927 5155 1032 5205 appears
1058 5139 1124 5190 from
1205 5144 1215 5172 ⁸
1221 5142 1331 5209 peperat]
1350 5149 1472 5210 pnnfflrat,
1483 5144 1540 5195 MS.
