4442 6392
639 1168 686 1218 DE
709 1169 868 1218 TEMPORE
892 1169 993 1220 REGIS
1017 1170 1173 1230 utuntur,
1197 1170 1262 1221 vlt.
1286 1169 1443 1221 SECUNDI.
1512 1160 1577 1222 403

504 1338 665 1409 ,invicem
689 1338 865 1407 recessuri}
914 1340 966 1406 Ob
993 1362 1090 1426 quam
1117 1363 1184 1406 rem
1216 1342 1404 1424 memoriter
1434 1344 1576 1409 recolon·
1590 1357 1657 1408 ab.
1674 1365 1745 1413 rire.

502 1441 608 1522 dam,
632 1463 706 1508 eum
729 1446 808 1509 ante
838 1442 1022 1530 passionem
1051 1465 1158 1510 meam
1191 1444 1251 1509 hoc
1273 1444 1414 1510 novellis
1438 1444 1578 1512 Christi·

502 1544 595 1613 .auis
627 1544 824 1624 retulissem,
848 1545 907 1610 has
937 1551 1042 1612 metas
1073 1547 1326 1625 venerabantur,
1352 1546 1411 1612 has
1444 1547 1575 1614 arbores

501 1646 760 1714 .confoveutes.''
806 1647 888 1714 Haec
918 1654 952 1713 et
975 1649 1042 1715 alia
1055 1648 1200 1737 plurima
1225 1649 1446 1735 colloquentes
1461 1651 1573 1716 itiner·

501 1751 607 1817 ‚ando
630 1750 836 1832 recolebant3
861 1756 896 1817 et
926 1752 990 1818 nisi
1020 1752 1183 1839 splendor,
1217 1752 1273 1838 qui
1297 1774 1317 1817 a
1339 1754 1476 1819 martire
1499 1776 1573 1841 prp-

501 1854 666 1928 cedebat,
697 1854 835 1921 obtutus
867 1854 1005 1922 Roberti
1038 1855 1287 1935 reverberasset,
1311 1861 1346 1921 et
1368 1857 1469 1921 timor
1498 1878 1572 1922 oum

500 1957 734 2044 ,simplicitate
768 1979 883 2024 sensus
914 1981 989 2024 suos
1018 1957 1230 2034 hebetasset,2
1254 1959 1370 2023 martir
1392 1960 1501 2045 ipsum
1532 1960 1573 2024 de

502 2060 636 2125 ‚multis
658 2067 728 2126 tam
762 2060 884 2127 futuris
917 2083 1019 2147 quarn
1053 2059 1235 2150 praeteritis
1258 2060 1430 2129 evidenter
1451 2061 1574 2127 certifi-

500 2168 632 2232 cesset

583 2388 678 2474 Quid
706 2390 841 2476 ,santerre
876 2399 929 2469 eet,
962 2411 1041 2455 eam
1075 2389 1124 2456 ad
1157 2389 1270 2457 locam
1303 2387 1519 2456 iavmrtionie

924 2493 1167 2581 peruenissent.
1419 2500 1421 2504 '

499 2683 509 2705 .
566 2631 650 2696 Cum
681 2631 783 2718 igitur
805 2632 848 2696 ad
878 2636 1094 2696 memoratam
1129 2630 1302 2718 planitiem
1337 2629 1570 2716 pervenissent,
1583 2642 1687 2721 Legem

499 2735 562 2804 ,ad
585 2734 753 2798 sinistram
773 2741 905 2819 partem
929 2733 1066 2808 itineris
1082 2738 1246 2818 quantum
1276 2755 1370 2798 arcus
1393 2731 1445 2797 bis
1463 2734 1571 2818 jacere
1583 2713 1727 2766 ⁰⁰⁰¹¹¹¹¹¹⁰l

518 2842 636 2924 potest,
669 2838 884 2901 diverterunt.
941 2835 1098 2900 Habebat
1137 2837 1225 2900 loeus
1263 2836 1319 2900 ille
1357 2842 1495 2922 gratam,
1532 2841 1571 2901 ut

516 2940 743 3026 praetangitur,
767 2940 951 3030 planitiem,
974 2944 1045 3004 tam
1068 2939 1195 3026 pascuis
1219 2960 1318 3025 quam
1343 2939 1436 3003 tressis
1460 2940 1497 3002 in
1513 2940 1569 3003 via

518 3043 705 3108 hominibus
739 3043 782 3107 ad
814 3042 1022 3130 pausandum
1056 3042 1272 3128 aptissimam,
1309 3043 1343 3105 in
1379 3041 1460 3106 tilla
1494 3064 1569 3128 qum

516 3144 695 3211 Redbuma
717 3154 934 3233 nuncupatur,
958 3144 1066 3209 tribus
1087 3144 1188 3209 ferme
1211 3143 1396 3208 miliaribus
1412 3166 1432 3207 a
1447 3144 1568 3210 Sancto

515 3248 641 3313 ‹listans
676 3247 815 3314 Albano.
873 3247 960 3313 Sane
990 3247 1026 3310 in
1059 3246 1121 3310 hae
1161 3246 1299 3333 planitie
1330 3246 1396 3309 duo
1429 3245 1569 3311 colliculi

515 3350 715 3427 eminebant,
739 3352 796 3438 qni
822 3351 930 3416 Colles
953 3348 1162 3414 Vexillorum
1192 3350 1396 3424 dicebantur,
1421 3349 1570 3432 eoquod

514 3454 598 3518 circa
621 3454 695 3517 illos
718 3453 891 3540 populares
915 3451 1043 3516 fiebant
1068 3472 1250 3526 concursus,
1274 3450 1406 3536 quando
1429 3450 1569 3537 populus

513 3555 620 3621 fidelis
635 3578 678 3619 ex
700 3556 841 3641 antiqua
855 3553 1035 3620 traditione
1059 3552 1272 3639 sollempnem
1297 3551 1470 3616 annuatim
1494 3574 1568 3639 pro·

514 3658 690 3722 cessionem
713 3658 856 3722 ecclesiae
887 3656 1000 3722 Sancti
1030 3653 1156 3718 Albani
1186 3654 1300 3719 debita
1329 3677 1402 3719 oum
1433 3676 1568 3720 venera-

513 3760 604 3825 tione
627 3760 866 3846 persolvebant.
912 3758 1006 3828 Tune
1029 3761 1163 3821 sanctus
1186 3756 1347 3835 Albanae,
1364 3756 1569 3844 apprehensa

514 3883 615 3926 manu
629 3862 704 3943 viri,
721 3862 821 3927 duxit
844 3883 919 3928 eum
942 3861 985 3925 ad
1008 3882 1113 3924 unum
1137 3859 1177 3924 de
1201 3859 1367 3938 colliculis,
1382 3860 1439 3944 qui
1463 3862 1569 3947 sepulss

501 3965 627 4031 'chrum
649 3966 739 4032 beati
763 3965 906 4031 martiris
937 3963 1136 4029 continebat.
1184 3961 1322 4040 Deinde,
1346 3982 1503 4027 converso
1526 3965 1569 4029 ad

513 4090 589 4133 eum
612 4069 718 4149 vultu,
751 4077 769 4104 “
784 4067 876 4146 Hie,'’
908 4067 1027 4153 inquit,
1060 4072 1077 4101 “
1098 4064 1188 4130 locus
1220 4063 1369 4151 magistri
1393 4064 1458 4128 mei
1493 4065 1568 4130 reli-

513 4169 607 4258 quias
637 4171 806 4253 continet;
839 4169 894 4235 hic
916 4170 987 4255 ejus
1027 4189 1099 4233 ossa
1130 4167 1280 4254 contegit
1310 4171 1345 4232 ct
1373 4169 1569 4233 conservat.’'

514 4273 560 4337 Et
590 4274 636 4337 sic
666 4273 764 4351 fetus,
806 4272 921 4360 pollice
961 4271 1027 4337 viri
1061 4270 1105 4336 ad
1138 4272 1246 4336 instar
1280 4270 1384 4336 crucis
1421 4270 1568 4335 terram³

514 4375 654 4463 aperuit,
678 4380 721 4456 et,
746 4397 857 4441 eversa
891 4374 1024 4464 cespitis
1056 4374 1186 4440 modica
1216 4374 1376 4460 portione,
1402 4372 1568 4460 quoddam

550 4541 597 4547 ι-
604 4541 669 4547 —---
682 4541 690 4546 .
707 4542 718 4545 -
729 4541 750 4546 .-
767 4541 781 4545 -
794 4541 807 4545 .-
819 4539 1152 4547 --.-.-...---—--—---

547 4620 553 4649 ¹
567 4619 598 4668 In
611 4619 654 4670 the
665 4618 763 4684 margin
772 4634 824 4669 aas
833 4621 914 4669 added
926 4627 1016 4678 nnete,
1061 4618 1147 4668 letters
1159 4637 1166 4668 ι
1178 4622 1194 4645 “
1202 4616 1271 4666 Nota
1283 4634 1314 4666 ex
1323 4617 1458 4684 postfacto
1468 4617 1565 4666 certitu-

515 4699 601 4749 which
612 4700 657 4749 lras
678 4700 821 4749 asterwards
838 4701 902 4749 been
921 4701 1017 4758 erased,
1061 4696 1148 4756 (briem,
1160 4699 1228 4761 quia,
1238 4698 1304 4745 sieut
1316 4695 1436 4760 predixit
1447 4695 1474 4746 S.
1488 4695 1566 4746 Alta-

514 4794 541 4829 κο
559 4778 613 4828 that
629 4779 717 4843 oalya
736 4778 785 4828 few
797 4780 880 4828 words
899 4794 941 4828 are
959 4792 1016 4827 now
1038 4773 1041 4876 l
1060 4776 1370 4838 nus,ineenrusestteana
1377 4775 1566 4840 Anrptibolae.”

515 4857 614 4921 legible,
623 4871 651 4905 aa
660 4857 757 4907 follows
769 4877 775 4907 ι
789 4862 805 4886 “
814 4856 848 4924 ·1-
856 4858 886 4905 In
895 4857 967 4920 cnjus
979 4856 1015 4906 rei
1061 4855 1144 4906 These
1156 4863 1228 4906 notes
1239 4871 1282 4906 are
1293 4863 1338 4905 not
1349 4856 1376 4904 in
1389 4856 1420 4907 F.

513 4935 632 4984 memoria
649 4937 838 5000 compatriota.
857 4974 863 4987 .
886 4974 892 4985 .
913 4937 1016 4986 ,locum
1038 4899 1041 4984 l
1093 4934 1258 5000 metense]
1278 4935 1408 4994 euersae,
1420 4935 1476 4985 MS.

513 5014 585 5061 illum
598 5050 605 5064 .
618 5051 624 5062 .
638 5051 643 5063 .
656 5015 819 5066 arboribus..
832 5053 838 5065 .
851 5016 951 5065 arbores
961 5052 980 5064 ..
991 5015 1016 5064 .’'
1039 5035 1041 5040 ·
1094 5015 1217 5078 'territari
1238 5015 1328 5064 Added
1341 5014 1366 5062 iu
1379 5028 1459 5076 marr.

514 5093 583 5141 Orer
603 5091 654 5140 this
677 5099 736 5142 note
762 5094 784 5142 is
807 5094 906 5143 written
929 5093 955 5142 in
973 5093 1017 5143 red
1038 5125 1043 5160 ¹·.

1322 5190 1430 5251 cci
