4442 6392
589 1186 636 1237 DE
658 1185 817 1235 nunnoni:
840 1184 942 1234 neuls
965 1185 1139 1234 WILLllLbll
1162 1184 1323 1246 saeuum,
1345 1185 1411 1235 VIZ.
1436 1186 1530 1236 RUFI.
1554 1177 1594 1239 41

544 1373 580 1438 Si
603 1389 769 1438 venenum
798 1390 903 1455 paras,
927 1368 988 1434 hoo
1017 1368 1307 1450 muliercularum
1330 1371 1360 1435 si
1382 1372 1599 1437 dormientem
1612 1381 1681 1433 ul).
1695 1387 1767 1436 rouo.

541 1473 698 1540 invadere
724 1472 887 1559 proponis,
920 1472 981 1537 hoe
1013 1471 1206 1537 sicariorum
1228 1477 1263 1538 et
1287 1472 1517 1561 jugulatorum
1540 1480 1599 1541 est

542 1579 623 1665 Age,
654 1573 778 1662 igitur,l
813 1574 901 1661 quod
924 1574 991 1639 viri
1027 1580 1077 1640 est
1109 1580 1144 1640 et
1177 1575 1304 1654 militis,
1334 1581 1370 1642 et
1402 1578 1490 1643 solus
1524 1599 1599 1643 oum

541 1682 609 1746 solo
623 1679 754 1755 dimica,
778 1677 859 1742 dum
873 1676 935 1742 soli
958 1698 1079 1755 sumus,
1095 1678 1327 1745 confidenter.”
1375 1679 1472 1745 Miles
1496 1680 1601 1768 igitur
1681 1691 1684 1699 ’

542 1783 696 1849 confusus
710 1779 775 1846 biis
789 1779 909 1857 verbis,
932 1780 1028 1865 quasi
1050 1779 1190 1845 fulmine
1212 1802 1427 1867 repercussus,
1451 1804 1494 1848 ex
1517 1805 1600 1869 eqno

542 1886 578 1949 in
607 1891 729 1950 terram
762 1881 893 1961 corruit,
924 1881 1134 1969 projectoque
1168 1883 1279 1970 gladio
1310 1885 1353 1949 ad
1384 1884 1482 1972 pedes
1513 1886 1600 1972 regis

542 1988 669 2063 cadens,
691 2007 766 2051 oum
789 2005 928 2050 moerore
950 1984 1082 2050 veniam
1112 1986 1154 2050 de
1177 1990 1334 2073 concepta
1355 1989 1542 2054 temeritate
1565 1994 1600 2055 et

543 2088 728 2177 proditione
751 2086 931 2175 postulans,
955 2086 1042 2172 quod
1065 2087 1172 2173 petiit,
1196 2089 1397 2176 impetravit

563 2389 611 2457 De
633 2387 809 2456 marmotis
830 2387 952 2457 Sancti
974 2386 1109 2456 Albani
1131 2388 1230 2477 apud
1254 2387 1441 2458 illitterata
1460 2389 1578 2478 primo

966 2490 1185 2559 introductio.

379 2649 534 2729 napum
591 2628 686 2694 Circa
708 2627 779 2694 dies
801 2626 874 2693 illos
893 2627 1059 2692 Robertns
1080 2627 1121 2692 de
1145 2626 1315 2708 Molbraio,
1334 2627 1597 2694 Northambren·
1611 2641 1735 2693 urantur

412 2717 490 2768 ¹³³⁹·
547 2731 592 2795 sis
623 2753 737 2807 eomes,
771 2730 825 2795 vir
856 2729 990 2816 quidem
1028 2729 1100 2795 Deo
1135 2730 1285 2807 devotus,
1323 2730 1443 2808 volens,
1483 2708 1698 2826 divinaffiffi

545 2831 761 2920 inspiratione
792 2837 911 2909 taetus,
942 2832 1111 2898 ecelesiam
1143 2832 1240 2898 Beati
1271 2832 1407 2910 Oswini,
1440 2833 1527 2920 regis
1563 2840 1598 2899 et
1610 2841 1736 2906 prioryto

546 2935 699 3013 martiris,
737 2935 778 3000 de
816 2934 1020 3020 Thynemue,
1055 2933 1255 3020 jamdudum
1294 2934 1528 3022 [desolatamP
1561 2935 1598 3001 in
1610 2909 1776 3030 ‘shffiffl

546 3036 784 3123 temporalibus
807 3041 842 3102 et
864 3035 1096 3124 spiritualibus
1126 3042 1321 3116 restaurare,
1344 3044 1445 3124 atque
1474 3038 1599 3104 ibidem

547 3139 618 3206 Deo
650 3145 685 3205 et
718 3144 832 3205 saneto
865 3139 995 3205 martiri
1034 3139 1170 3205 Oswino
1207 3140 1382 3206 monachos
1418 3140 1599 3207 servituros

532 3264 676 3329 ponere,
700 3241 836 3307 oonsilio
866 3241 1047 3307 amicorum
1077 3263 1212 3307 suorum
1242 3241 1394 3321 Paulum,
1418 3241 1601 3309 abbatem³

548 3346 663 3410 Sancti
687 3344 821 3424 Albani,
844 3366 941 3430 super
963 3343 1025 3409 hoo
1048 3344 1213 3424 convenit,
1237 3349 1353 3431 petens
1375 3345 1538 3410 obnoxius
1560 3350 1601 3411 ut

547 3447 626 3512 illue
658 3447 698 3511 de
733 3446 829 3512 domo
865 3468 1055 3532 suaquarta
1086 3447 1129 3510 de
1159 3446 1313 3512 omnibns
1343 3447 1475 3535 Angliae
1506 3447 1601 3534 quasi

547 3549 828 3615 ordinatissimam
862 3548 1040 3636 praeelegit,
1074 3549 1200 3635 aliquos
1231 3550 1272 3615 de
1302 3550 1471 3616 monachis
1502 3551 1602 3616 desti-

548 3657 663 3731 naret3
702 3651 919 3738 promisitque
957 3650 1068 3716 omnia
1104 3651 1210 3716 victui
1248 3658 1282 3717 et
1314 3653 1453 3718 vestitui
1487 3675 1600 3719 eorum

548 3754 727 3821 necessaria
756 3776 790 3819 se
820 3754 900 3842 ipsis
930 3753 1161 3819 abundanter⁴
1199 3759 1235 3819 et
1271 3755 1447 3821 honorifice
1486 3756 1600 3820 minis-

548 3862 722 3923 traturum.
769 3854 874 3942 Cujus
904 3855 1061 3942 petitioni
1090 3861 1291 3921 memoratus
1321 3855 1423 3923 abbas
1450 3857 1601 3943 adquies-

548 3983 632 4037 cens,
667 3958 828 4045 quosdam
858 3957 937 4023 illno
969 3959 1009 4023 de
1041 3958 1199 4023 fratribus
1231 3959 1422 4025 destinavit
1470 3961 1601 4042 Quibus

549 4083 655 4127 comes
677 4062 713 4127 in
744 4060 908 4140 maneriis,
938 4060 1089 4138 ecelesiis,
1119 4060 1317 4142 redditibus,
1347 4062 1503 4149 piscariis,
1531 4085 1600 4127 mo·

548 4164 690 4230 lendinis
713 4168 748 4229 et
769 4163 868 4228 rebus
898 4163 971 4227 aliis
1001 4185 1076 4228 oum
1106 4161 1306 4229 sufficienter
1335 4163 1543 4251 providisset,
1566 4171 1601 4231 et

549 4268 648 4332 cartis
670 4266 827 4353 praediote
849 4265 961 4330 omnia
982 4265 1026 4330 ab
1049 4265 1139 4330 omni
1169 4266 1308 4331 seculari
1330 4267 1469 4331 servitio
1491 4267 1602 4333 soluta

548 4379 582 4436 et
612 4369 745 4456 penitus
774 4367 880 4434 libera
910 4367 1143 4448 confirmasset,
1175 4368 1269 4433 dedit
1299 4368 1457 4456 praedicto
1487 4368 1601 4436 abbati

550 4472 654 4537 Paulo
678 4473 813 4558 ejusque
843 4471 1091 4547 successoribus,
1116 4477 1150 4536 et
1172 4470 1315 4536 ecclesiae
1347 4470 1444 4536 Beati
1467 4472 1601 4552 Albani,

549 4573 681 4661 Angliae
713 4571 987 4659 prothomartiris,
1021 4571 1188 4637 ecclesiam
1223 4573 1264 4638 de
1301 4572 1492 4655 Thinemne,
1526 4597 1601 4640 eum

549 4677 702 4742 omnibus
724 4674 934 4761 pertinentiis
963 4675 1040 4752 suis,
1062 4696 1122 4760 pro
1146 4673 1254 4739 salute
1277 4697 1337 4740 sua
1359 4679 1394 4741 et
1417 4682 1601 4746 antecesso-

583 4971 590 5001 ¹
604 4969 691 5034 ipim]
705 4967 893 5032 Repented,bnt
904 4967 1052 5030 expuncted.
1133 4967 1143 4994 ¹
1155 4964 1279 5033 albeum]
1298 4967 1391 5018 Added
1402 4969 1429 5018 in
1441 4985 1522 5035 marg.

582 5046 747 5113 ²desolatam]
762 5045 883 5112 Supplied
895 5046 959 5094 from
970 5045 1052 5095 W.A.
1135 5043 1320 5112 ‘abandoned
1339 5046 1521 5111 habundanter,
1533 5050 1589 5101 MS.

552 5129 581 5180 C.
593 5128 626 5179 1).
639 5127 669 5178 F.
