4442 6392
737 1220 784 1270 or
806 1216 967 1270 rauroau
989 1217 1092 1270 anum
1115 1218 1270 1283 suumn,
1294 1205 1361 1272 vr'z.
1381 1216 1491 1272 raim.
1574 1208 1640 1273 215

1036 1454 1177 1521 Corneto.
1653 1457 1722 1512 an.
1737 1466 1809 1514 1110.

417 1598 573 1678 ngwend.
632 1587 707 1654 Hoo
729 1588 831 1655 etiam
855 1611 943 1654 anno
966 1595 1094 1655 cometa
1116 1590 1271 1676 apparuit
1293 1611 1383 1656 more
1404 1590 1546 1670 insolito,
1561 1615 1640 1660 nam
1653 1603 1772 1656 Unmual

449 1681 476 1717 ¹¹·
491 1672 544 1717 ¹⁸⁸·
585 1713 661 1756 oum
691 1689 734 1755 ab
764 1691 890 1757 oriente
920 1713 1058 1778 surgens
1087 1691 1125 1756 in
1155 1692 1400 1759 firmamentum
1430 1695 1638 1778 ascendisset,
1653 1686 1808 1792 ξβξᾝῗ

584 1814 651 1857 non
674 1793 828 1881 progredi
851 1794 908 1859 sed
931 1795 1060 1882 regredi
1083 1793 1268 1860 videbatur.
1370 1863 1373 1867 ,

897 2038 1079 2109 Berilbum
1101 2040 1314 2129 adquiritur.

414 2194 572 2274 ngwenu.
629 2182 756 2250 Eodem
778 2204 855 2249 vero
879 2186 1027 2270 tempore
1052 2203 1114 2248 rex
1135 2182 1319 2249 Jerusalem
1343 2183 1555 2250 Baldewinus
1578 2184 1639 2251 Be-
1652 2197 1690 2251 ca
1706 2199 1804 2254 mmor

447 2278 474 2313 ¹¹·
488 2268 543 2315 ¹⁸⁸·
584 2286 695 2364 ritum,
734 2284 906 2352 civitatem
947 2282 1114 2352 Foeniois¹
1154 2285 1297 2372 regionis
1331 2285 1544 2368 maritimam,
1575 2287 1639 2353 sibi
1652 2266 1800 2398 „unffi-

564 2392 738 2475 .potenter
759 2389 960 2477 subjugavit
985 2393 1026 2466 et,
1052 2387 1177 2453 ibidem
1192 2388 1375 2455 constituto
1390 2389 1550 2477 episeopo,
1566 2411 1640 2456 eam
1652 2396 1711 2450 vin.

585 2491 784 2558 Christianae
813 2490 963 2558 restituit
1002 2489 1135 2556 unitati
1197 2490 1259 2556 Est
1297 2495 1411 2556 autem
1448 2491 1514 2556 sita
1550 2492 1641 2558 inter

564 2593 730 2660 .Biblium
747 2598 781 2659 et
796 2593 964 2680 Sydonem
985 2593 1145 2659 civitatee
1198 2592 1317 2679 Ibique
1339 2592 1462 2680 legitur
1483 2593 1640 2660 mansisse

563 2694 748 2762 maximus
786 2695 989 2762 medicorum
1028 2699 1158 2761 naturae
1197 2694 1375 2781 indagator
1413 2694 1568 2782 Ypoeras,
1604 2702 1639 2763 et

561 2798 689 2886 .pineti
710 2798 829 2864 silvam
852 2798 996 2864 vicinam
1019 2797 1062 2862 ad
1084 2796 1328 2863 emendandum
1349 2819 1426 2864 aera
1447 2797 1623 2885 plantasse.

595 3044 669 3113 Res
689 3045 868 3113 Houoteua
891 3051 1018 3113 terram
1040 3044 1175 3214 uguitio
1198 3043 1459 3133 Aradeyovouoto
1481 3044 1631 3132 ἀερομι-

1091 3155 1157 3215 lum.

412 3294 570 3372 ngwenu.
629 3287 730 3370 Anno
753 3285 889 3354 Domini
910 3302 1081 3370 M0‚c⁰.x1⁰.,
1104 3312 1165 3355 rex
1178 3287 1363 3377 Anglorum
1379 3287 1543 3354 Henrious
1565 3308 1637 3375 per-
1648 3289 1718 3342 ΑΙ).
1732 3296 1805 3342 1111·

446 3376 472 3410 ¹¹’
488 3366 541 3412 ¹⁸⁸¹
584 3413 665 3477 gens
695 3391 731 3455 in
761 3388 1003 3457 Normanniam
1033 3395 1149 3457 eontra
1178 3392 1332 3457 comitem
1354 3378 1799 3499 Andegavensem,{Immr

584 3492 642 3578 qui
664 3490 924 3559 Oenomanniam
947 3515 985 3559 eo
1008 3493 1146 3560 tenebat
1168 3491 1287 3573 invito,
1305 3513 1418 3558 werrae
1441 3491 1538 3579 leges,
1562 3513 1637 3578 quae
1650 3513 1738 3565 onus

583 3599 663 3661 sunt
689 3595 830 3684 exleges,
854 3599 970 3662 eontra
993 3617 1068 3661 eum
1092 3593 1178 3661 ferro
1210 3593 1364 3660 simulet
1386 3593 1538 3658 incendio
1560 3581 1769 3710 oon-ffifff

584 3701 712 3763 stanter
733 3697 891 3778 exercuit,
916 3696 1090 3785 ipsumque
1114 3703 1149 3764 et
1171 3701 1295 3762 terram
1317 3693 1388 3780 ejus
1412 3698 1519 3761 totam
1542 3692 1637 3781 gravi

585 3799 839 3887 depopulatione
863 3799 1031 3866 contrivit.

919 4029 1028 4100 Palo
1050 4036 1081 4098 ot
1102 4027 1301 4097 mortalitas.

560 4224 567 4240 .
630 4176 723 4241 Tune
739 4190 871 4262 quoque
893 4172 1050 4263 temporis
1073 4173 1267 4252 mortalitas,
1281 4158 1379 4239 'tabes
1400 4175 1435 4237 et
1456 4170 1559 4236 fames
1573 4151 1790 4236 fflitPaulenos

561 4277 757 4342 .hominum
781 4284 816 4342 et
837 4278 1041 4356 animalium,
1064 4300 1165 4366 quam
1188 4275 1273 4342 forte
1299 4277 1434 4352 cometa,
1456 4292 1531 4360 quae
1553 4243 1778 4376 prae-{ffiffoe'

561 4377 762 4466 apparuit?
784 4381 1032 4465 praenunciavit

882 4621 932 4687 De
954 4627 1073 4686 aoooto
1094 4617 1337 4686 Fretbosuttlro.

415 4768 569 4849 [tegmem.
631 4761 757 4827 Eodem
780 4780 909 4848 quoque
941 4765 1088 4847 tempore
1111 4759 1270 4845 Rogerus,
1295 4752 1545 4821 saresbiriensis
1568 4750 1767 4839 epi-lfoman-

446 4851 473 4886 a
487 4841 542 4888 ¹⁸⁸·
588 4886 710 4953 scopus,
745 4862 839 4930 dedit
868 4863 975 4929 looum
1005 4862 1042 4927 in
1066 4861 1206 4937 Oxonia,
1232 4858 1268 4924 in
1297 4879 1364 4946 quo
1391 4878 1509 4944 corpus
1530 4854 1638 4920 beatae
1649 4823 1795 4942 {ffiffl‘

619 5081 761 5150 ¹Foeaicia]
780 5077 865 5141 Fodit,
883 5079 949 5144 MS„
960 5081 1006 5130 but
1024 5092 1087 5132 corr.
1167 5079 1178 5109 ²
1184 5073 1373 5144 proeoppuruit]
1392 5069 1543 5139 pmpemlt
1553 5068 1610 5124 MS.

583 5161 611 5213 in
624 5174 705 5228 marg.
