4442 6392
623 1198 669 1244 na
691 1196 850 1246 rannone
873 1196 972 1246 asora
987 1197 1160 1245 wrannmu
1183 1196 1345 1258 saeuum,
1360 1198 1425 1246 vm.
1442 1198 1535 1247 surr.
1567 1185 1607 1248 99

563 1370 651 1435 tione
673 1371 716 1435 ad
738 1393 830 1436 arma
852 1372 1071 1451 convolantes,
1091 1373 1126 1435 in
1149 1393 1207 1437 sex
1229 1372 1360 1437 aciebus
1382 1394 1478 1436 suum
1501 1371 1609 1459 dispo·
1621 1383 1687 1438 an.
1702 1390 1774 1439 roas.
1852 1415 1855 1423 ι

562 1479 648 1537 nunt
670 1473 859 1553 exercitum,
875 1475 1015 1561 singulis
1029 1496 1141 1540 earum
1156 1475 1254 1539 certis
1274 1474 1412 1540 ducibus
1426 1475 1609 1560 assignatis

547 1574 657 1640 florei
671 1598 749 1642 vero
771 1599 838 1643 non
858 1577 955 1663 longe
978 1578 1161 1656 constituti,
1184 1577 1322 1641 scientes
1340 1576 1411 1661 jam
1432 1577 1519 1663 quod
1534 1599 1608 1642 nos·

561 1678 605 1742 tri
627 1679 663 1742 in
678 1680 787 1745 ricino
810 1685 928 1757 essent,
951 1681 991 1745 de
1016 1681 1083 1745 suis
1109 1679 1210 1765 copiis
1233 1679 1315 1745 duas
1336 1681 1421 1745 acies
1443 1679 1607 1766 praemise-

560 1786 648 1862 runt,
672 1782 798 1869 reliqua
822 1783 921 1848 turba
945 1785 1092 1849 eominus
1122 1782 1350 1868 subsequente.
1396 1784 1535 1848 Factum
1557 1787 1608 1847 est

560 1890 679 1964 autem,
696 1891 735 1950 ut
757 1888 872 1966 nostri,
889 1888 946 1972 qui
969 1888 1027 1952 vix
1050 1886 1252 1974 septingenti
1274 1891 1379 1964 erant,
1395 1889 1545 1972 suscepto
1567 1885 1608 1949 de

561 1989 709 2074 supernis
738 1989 948 2069 incremento,
976 1989 1108 2054 infinita
1135 1989 1228 2053 milia
1249 1989 1449 2054 viderentur.
1494 1988 1607 2053 Proce-

563 2090 716 2156 dentibus
738 2091 842 2177 igitur
867 2092 1027 2178 paulatim
1056 2092 1099 2155 ad
1126 2092 1267 2157 invicem
1290 2092 1482 2178 legionibus,
1506 2113 1609 2178 coepe-

563 2198 641 2259 runt
656 2193 771 2279 primae
794 2194 878 2259 acies
901 2216 1013 2260 eorum
1036 2194 1073 2261 in
1095 2205 1223 2260 nostros
1244 2217 1317 2261 cum
1340 2216 1459 2280 magno
1482 2195 1609 2280 impetu

563 2294 693 2372 irruere,
717 2302 759 2377 et,
783 2298 929 2363 immissa
951 2298 1148 2383 sagittarum
1171 2297 1339 2384 grandine,
1363 2297 1407 2362 ad
1433 2319 1508 2362 suos
1534 2317 1608 2362 con-

562 2397 671 2463 fidunt
697 2397 816 2464 babere
842 2421 1015 2465 recursum.
1061 2399 1178 2465 Nostri
1208 2405 1320 2467 autem
1350 2400 1497 2465 cominus
1522 2420 1609 2464 aocc-

564 2501 683 2579 dentes,
707 2502 848 2568 vibratis
879 2526 967 2569 more
999 2502 1095 2568 solito
1127 2502 1247 2567 lanceis
1277 2507 1312 2567 et
1337 2502 1457 2589 gladiis
1486 2502 1611 2567 incum-

563 2603 686 2681 bentes,
703 2626 757 2668 eos
773 2604 904 2673 omnes¹
922 2606 958 2670 iu
980 2627 1081 2670 unam
1096 2605 1230 2672 turbam
1254 2604 1387 2670 solidari
1402 2604 1611 2692 compellunt.

565 2705 888 2792 Comprimentibus²
911 2712 1020 2774 autem
1054 2706 1129 2772 illos
1160 2706 1237 2773 hinc
1268 2707 1350 2788 lacu,
1377 2707 1469 2771 illinc
1498 2707 1611 2785 fluvio,

565 2809 610 2874 eis
632 2810 795 2895 evagandi
816 2810 984 2876 licentiam
1011 2809 1227 2890 auferebant,
1261 2810 1349 2875 unde
1371 2809 1470 2874 Turni
1502 2809 1612 2875 Chris-

565 2912 730 2979 tianorum
760 2912 842 2977 ferre
873 2935 939 2977 non
962 2912 1111 2978 valentes
1144 2912 1346 2988 instantiam,
1377 2913 1413 2976 in
1445 2913 1513 2977 sola
1534 2913 1614 2999 fuga

565 3015 771 3083 constituunt
785 3038 875 3104 spem
898 3016 1022 3081 salutis.
1070 3015 1236 3080 Dentibus
1259 3036 1335 3102 ergo
1358 3021 1452 3102 terga
1474 3014 1613 3079 infideli-

565 3118 636 3197 bus,
651 3122 815 3184 nostrates
838 3141 891 3184 eos
915 3118 1066 3185 certatim
1089 3116 1332 3204 insequuntur³
1355 3140 1458 3204 usque
1481 3117 1525 3182 ad
1547 3139 1615 3182 cas-

566 3227 655 3289 trum
692 3227 919 3302 memoratum,
951 3221 1039 3306 qnod
1069 3244 1089 3285 a
1128 3220 1197 3286 loco
1229 3221 1417 3285 certaminis
1454 3220 1616 3307 generalis

566 3322 748 3390 miliaribus
768 3347 800 3388 x.
823 3324 979 3391 distabat.
1025 3322 1184 3389 Videntes
1207 3327 1319 3388 antem
1342 3321 1521 3413 oppidani⁴
1544 3343 1616 3387 suc

566 3449 639 3493 rum
665 3426 787 3512 fugam,
814 3431 849 3492 et
870 3425 990 3513 gladiis
1015 3424 1276 3491 Christianorum
1300 3424 1367 3489 fore
1398 3447 1510 3490 omnes
1536 3425 1617 3490 ceei-

567 3530 662 3612 disse‚
678 3551 831 3597 succenso
848 3531 963 3616 Hareg
984 3535 1099 3607 castro,
1123 3529 1187 3615 ipsi
1209 3529 1320 3614 fugam
1344 3535 1524 3618 capessunt
1569 3529 1618 3594 At

568 3655 647 3699 vero
678 3633 829 3699 Armenii
852 3633 965 3698 etalii
995 3632 1107 3696 fideles
1133 3631 1275 3717 regionis
1305 3630 1394 3696 illius
1423 3631 1617 3718 praedictum

404 3741 559 3820 anguem
570 3740 764 3822 occupantes
786 3735 1010 3821 municipium,
1032 3733 1115 3799 illud
1138 3733 1258 3798 nostris
1280 3737 1394 3819 postea
1416 3733 1619 3822 principibus

440 3823 466 3858 ἰ
481 3815 534 3863 ¹⁰¹·
570 3837 793 3904 reddiderunt.
841 3838 1037 3904 Ceciderunt
1053 3841 1167 3902 autem
1182 3835 1236 3900 die
1259 3835 1317 3903 illa
1336 3857 1378 3899 ex
1402 3835 1554 3905 hostibus
1576 3836 1619 3902 ad

571 3940 635 4009 duo
658 3941 757 4017 milia,
775 3963 816 4006 ex
836 3940 956 4027 quibus
979 3940 1161 4027 quingenta
1184 3938 1294 4026 capita
1315 3942 1530 4024 reportantes,
1544 3959 1619 4003 cum

570 4043 660 4109 mille
675 4045 766 4130 equis
789 4044 923 4131 optimis
946 4048 981 4109 et
1005 4040 1170 4108 manubiis
1193 4040 1339 4128 copiosis,
1355 4040 1397 4111 ad
1419 4045 1527 4105 castra
1541 4044 1620 4107 sunt

570 4145 701 4211 reversi.
759 4145 857 4212 Cives
887 4167 1018 4235 quoque
1056 4145 1184 4211 interea
1221 4165 1279 4230 per
1312 4148 1442 4231 portam
1473 4142 1620 4211 civitatis

570 4249 722 4314 certatim
745 4249 957 4336 egredientes,
986 4248 1053 4313 fere
1082 4252 1157 4315 tota
1187 4246 1241 4312 die
1266 4245 1387 4311 nostris
1416 4245 1619 4331 gramma,

570 4351 761 4416 absentibus
802 4351 1016 4440 principibus,
1053 4349 1250 4437 gravamina
1288 4348 1481 4426 intulemnt,
1519 4347 1622 4415 donec

571 4461 760 4521 nostrorum
790 4456 962 4523 audientes
993 4454 1177 4521 adventum
1203 4453 1386 4539 jocundum
1414 4452 1620 4531 Christianis,

572 4579 640 4623 sese
663 4567 843 4624 retrorsum
865 4559 1078 4635 retrahentes,
1094 4579 1168 4623 cum
1191 4555 1378 4622 confusione
1401 4556 1437 4619 in
1452 4555 1622 4622 civitatem

572 4683 639 4731 sese
669 4663 799 4750 longius
822 4667 1021 4750 receperunt
1068 4661 1239 4748 Principes
1265 4661 1380 4745 itaque
1408 4660 1550 4731 victores
1579 4661 1622 4725 ad

573 4763 776 4833 obsidionem
800 4766 931 4843 reversi,
958 4765 1101 4833 ducenta
1124 4763 1328 4828 Turchorum
1352 4762 1469 4849 capita,
1496 4763 1533 4830 in
1558 4762 1622 4850 sig-

607 5001 613 5031 ¹
627 5003 719 5068 omnes]
729 5002 866 5071 Repented
873 5003 918 5053 but
925 5000 1076 5067 expuncted.
1096 5010 1100 5076 1
1156 5001 1165 5028 ¹
1178 4997 1349 5064 insonanter]
1367 4998 1522 5064 insequatur,
1533 4999 1590 5052 MS.

606 5079 860 5170 'commatum
922 5080 1076 5148 Comprime·
1096 5081 1101 5203 Ι
1160 5077 1309 5148 ὀρρίᾰακι]
1328 5077 1438 5144 opidani,
1450 5078 1508 5131 MS,

576 5159 708 5223 mentibus,
718 5160 785 5225 MS,
796 5163 842 5212 but
853 5177 888 5211 me
899 5162 1047 5226 expnneted.

1390 5253 1448 5313 ot
