4442 6392
662 1148 704 1211 60
780 1158 946 1208 narrum
961 1134 1185 1209 namsmnsrs
1207 1157 1370 1209 msronm
1391 1157 1589 1209 asotorum.

491 1349 560 1401 al).
575 1355 646 1403 roae.
659 1333 724 1400 iter
745 1334 1021 1420 peregrinationis
1043 1335 1212 1421 arripiens,
1236 1356 1338 1421 regna
1360 1334 1584 1421 pertransiens
1605 1333 1711 1399 Theu-

659 1435 843 1502 tonieorum
866 1442 901 1502 et
923 1437 1171 1523 Hungarorum‚
1201 1436 1245 1501 ad
1276 1436 1417 1501 fiuvium
1447 1458 1552 1523 usque
1578 1436 1712 1502 Marooh

658 1540 830 1626 pervenit;
853 1561 918 1625 quo
941 1539 1093 1617 transito,
1114 1545 1148 1604 et
1170 1538 1390 1626 Bulgarorum
1408 1539 1490 1604 fines
1512 1539 1711 1625 ingrediens,

658 1641 702 1706 ad
731 1640 839 1707 locum
870 1634 1023 1728 pervenit
1053 1641 1110 1728 qui
1134 1641 1343 1728 Bellegravia
1374 1645 1594 1728 nuncupatur.
1640 1641 1711 1706 Ubi

658 1743 794 1828 quidam
828 1743 869 1809 de
902 1743 1065 1808 comitatu
1102 1742 1173 1828 ejus
1210 1744 1300 1831 apud
1338 1743 1602 1824 Malam-villam,
1638 1743 1711 1830 ipso

656 1845 840 1932 ignorante,
878 1849 918 1910 ut
955 1845 1044 1911 cibos
1076 1852 1222 1911 emerent
1255 1850 1472 1924 remanentes,
1506 1868 1527 1910 a
1559 1845 1711 1933 Bulgaris

657 1947 892 2036 comprehensi,
916 1947 1044 2025 nudati,
1068 1948 1244 2029 verberati,
1259 1948 1410 2026 lacessiti,
1434 1948 1620 2035 ablatisque
1643 1971 1712 2013 orn-

655 2052 762 2130 nibus,
785 2052 828 2116 ad
851 2051 953 2116 socios
976 2056 1054 2116 sunt
1077 2051 1214 2116 remissi.
1262 2051 1429 2118 Walterus
1443 2052 1549 2139 igitur
1571 2075 1592 2117 a
1607 2050 1708 2118 duce¹
1832 2045 1838 2052 ’

657 2153 876 2240 Bulgarorum
915 2152 1047 2219 emendi
1092 2153 1277 2219 victualia⁹
1326 2154 1496 2221 licentiam
1538 2155 1711 2241 postulans
1722 2162 1878 2242 &gwerra

656 2256 836 2335 humiliter,
864 2253 923 2320 et³
945 2255 1124 2342 impetrare
1154 2277 1222 2321 non
1244 2255 1367 2335 valens,
1389 2279 1490 2343 grave
1519 2258 1633 2346 populi
1656 2258 1709 2322 sui
1760 2238 1839 2284 ”⁸⁶⁶⁸

655 2358 815 2424 sustinuit
844 2358 1089 2424 detrimentum.
1148 2359 1237 2423 Nam
1269 2381 1343 2424 eum
1370 2358 1499 2424 nihila
1528 2364 1629 2447 gente
1652 2382 1708 2426 ne·

654 2457 779 2526 fanda⁴
812 2460 928 2526 venale
959 2460 1107 2548 optinere
1138 2462 1301 2548 potuisset
1330 2483 1411 2548 gens
1434 2461 1513 2546 ejus,
1537 2463 1572 2526 in
1594 2485 1708 2550 greges

656 2563 874 2651 Bulgarorum
911 2568 946 2628 et
982 2569 1134 2629 armenta
1163 2565 1300 2642 irruens,
1334 2564 1407 2652 ipsa
1438 2565 1474 2629 in
1512 2571 1619 2630 castra
1650 2588 1709 2630 sua

654 2665 809 2753 abigebat
837 2666 1020 2731 mactanda
1077 2666 1175 2747 Quod
1197 2667 1335 2753 Bulgari
1358 2666 1541 2746 audientes,
1568 2668 1708 2754 arreptis

653 2769 762 2847 armis,
785 2769 933 2855 praedam
966 2774 1119 2834 excutere
1154 2770 1388 2850 decreverunt;
1422 2775 1457 2835 et
1486 2769 1611 2835 bellum
1633 2793 1709 2858 rap·

653 2872 782 2938 toribus
813 2877 1028 2949 conserentes,
1060 2877 1094 2936 et
1129 2872 1271 2938 victores
1300 2872 1492 2950 existentes,
1515 2876 1649 2937 centum
1672 2878 1707 2939 et

654 2974 875 3062 quadraginta
897 2996 939 3038 ex
962 2974 1017 3052 eis,
1033 2995 1054 3038 a
1069 2974 1326 3060 praecedentium
1348 2974 1509 3040 comitatu
1531 2982 1706 3061 separatos,

653 3078 690 3142 in
713 3078 854 3142 oratorio
885 3076 1036 3164 quodam,
1060 3099 1126 3162 quo
1149 3099 1183 3142 se
1205 3078 1316 3165 gratia
1349 3078 1586 3163 consequendae
1618 3077 1706 3163 pacis

653 3180 845 3260 intulerant,
868 3178 945 3266 igne
968 3180 1119 3266 apposito
1135 3179 1394 3259 combussenmt,
1411 3181 1526 3246 ceteris
1542 3180 1578 3244 in
1592 3179 1706 3266 fugam

654 3283 782 3350 coactis.
838 3283 887 3347 At
918 3304 997 3347 vero
1033 3282 1212 3347 Gualterus
1243 3305 1319 3348 oum
1350 3282 1488 3370 reliquis
1519 3282 1707 3370 agminibus
1719 3289 1762 3340 fol·
1775 3289 1834 3341 Πὸ.

653 3386 721 3452 suis
745 3383 956 3462 straliciam,⁶
971 3384 1083 3450 Daciae
1104 3384 1376 3451 mediterraneae⁶
1391 3385 1608 3473 metropolim,
1633 3407 1705 3471 per·

653 3488 797 3565 veniens,
825 3487 958 3575 praesidi
982 3487 1128 3553 civitatis
1152 3487 1193 3552 de
1222 3487 1345 3573 injuria
1371 3486 1461 3573 plebi
1484 3486 1547 3553 Dei
1577 3509 1598 3552 a
1628 3487 1706 3552 Bul-

653 3593 741 3678 garis
762 3591 857 3654 illata
879 3595 1083 3675 conquestus,
1099 3589 1232 3676 plenam
1252 3595 1303 3655 est
1321 3589 1491 3674 justitiam
1506 3595 1705 3656 consecutus.

656 3694 739 3759 Inde
766 3693 870 3779 igitur
893 3692 935 3756 ad
962 3691 1076 3757 urbem
1107 3692 1507 3778 Constantinopolitanam
1532 3692 1705 3779 profectus,

655 3796 767 3862 Alexii
800 3794 1009 3881 imperatoris
1038 3794 1082 3858 ad
1113 3795 1324 3881 praesentiam
1354 3795 1564 3861 introductus
1594 3802 1708 3883 postu·

654 3899 748 3977 lavit,
764 3903 803 3964 ut
823 3919 926 3983 usque
948 3897 991 3962 ad
1013 3897 1196 3962 adventum
1219 3898 1310 3962 Petri
1335 3896 1525 3972 Heremitae,
1551 3899 1592 3963 de
1614 3898 1706 3984 eujus

655 4002 810 4066 mandato
834 4001 898 4065 iter
927 4001 1120 4086 arripuerat,
1142 4001 1324 4065 exercitum
1347 4023 1444 4065 suum
1471 4000 1506 4065 in
1528 4000 1607 4065 locis
1631 4002 1706 4065 urbi

654 4105 771 4170 vicinis
807 4103 971 4168 indultam
1009 4103 1073 4167 sibi
1108 4103 1239 4167 emendi
1276 4103 1506 4189 vendendique
1538 4104 1705 4168 licentiam

653 4207 925 4292 permitterentur
963 4204 1090 4270 habere.
1149 4205 1246 4285 Quod
1279 4206 1311 4270 ci
1347 4206 1526 4291 imperator
1564 4205 1705 4292 benigne

653 4303 821 4371 concessit.

656 4510 1678 4524 *Μὴ-Ἢ
1697 4521 1701 4526 ,

688 4664 725 4711 ¹a
744 4660 817 4724 duce]
848 4660 977 4724 Repeated
994 4659 1069 4723 again
1090 4659 1156 4708 after
1234 4657 1377 4725 ‘nasonem
1396 4660 1534 4723 nephanda,
1547 4660 1603 4715 MS.

653 4742 782 4801 licentiam,
793 4741 840 4790 but
850 4741 1017 4789 underscored
1029 4739 1069 4789 sor
1080 4738 1155 4789 omis·

655 4837 836 4964 minasset]
856 4899 1072 4964 Aduedinmarg.
1200 4873 1229 4923 F·

1233 4791 1413 4858 ‘StraticiomJ
1433 4793 1558 4856 Stralieie,
1578 4795 1635 4847 MS.
1653 4799 1704 4846 and

687 4984 697 5011 ³
707 4977 835 5038 lumiliter,
847 4978 883 5044 ct]
902 4978 995 5028 Added
1011 4987 1038 5029 to
1048 4979 1090 5030 the
1102 4986 1156 5028 text

1234 5011 1244 5038 ⁰
1256 5007 1446 5073 mediterranea]
1459 5008 1636 5071 mediarana,
1645 5009 1702 5059 MS.

658 5077 691 5111 on
703 5074 736 5109 an
745 5072 861 5118 erasum
877 5057 907 5107 F.
919 5072 1012 5122 agrees.
