4442 6392
671 1144 714 1208 90
790 1156 958 1206 narrum
981 1155 1195 1205 rmmrmsrs
1217 1153 1379 1203 msronn
1399 1153 1600 1205 mucosum

500 1351 570 1401 AD.
585 1354 658 1402 1097.
669 1329 761 1394 tione
793 1329 867 1393 Faer
901 1327 1031 1406 dicitur,
1066 1327 1102 1390 in
1133 1326 1189 1390 via
1220 1325 1348 1390 medius
1379 1330 1459 1404 erat,
1494 1349 1591 1413 super
1625 1350 1722 1412 quem

669 1436 804 1518 pontem
833 1430 1010 1494 audierunt
1034 1429 1250 1494 fortissimum
1273 1450 1342 1495 esse
1365 1430 1569 1494 obstaculum
1593 1435 1627 1495 et
1649 1452 1722 1495 mu-

500 1536 575 1585 nuke
607 1601 613 1615 ,
669 1535 782 1600 nimen
805 1534 960 1610 hostium,
982 1531 1144 1598 miserunt
1168 1531 1358 1613 Robertum,
1380 1533 1497 1597 ducem
1521 1532 1555 1596 N
1557 1534 1722 1598 ermanni-

500 1602 628 1719 quetqtn
668 1659 751 1716 cum,
783 1635 884 1722 quasi
906 1634 1017 1721 fulgur
1050 1634 1108 1720 qui
1139 1634 1303 1699 tonitrum
1328 1635 1497 1721 praevenit,
1521 1657 1596 1700 curn
1626 1636 1741 1703 sociis,

499 1736 657 1799 fomeapae
668 1737 932 1825 expeditissimis,
956 1736 1014 1822 qui
1035 1736 1249 1822 sequentibus
1278 1736 1343 1801 iter
1365 1742 1606 1824 praepararent3
1635 1743 1669 1802 et
1692 1738 1720 1802 si

500 1818 630 1918 qqgepvvprr
667 1841 748 1927 quid
778 1839 981 1904 difficultatis
1003 1844 1192 1925 emergeret,
1220 1839 1382 1925 principes
1416 1844 1590 1924 sequentes
1624 1862 1721 1926 super

501 1935 615 1987 Orontes.
666 1965 704 2008 eo
726 1942 902 2008 redderent
925 1941 1088 2007 certiores.
1136 1940 1348 2006 Praecedebat
1369 1947 1482 2006 autem
1497 1943 1567 2007 dux
1582 1941 1721 2026 majores

664 2046 817 2132 legiones,
855 2045 958 2109 donec
998 2043 1041 2108 ad
1082 2043 1279 2129 praedictum
1321 2049 1458 2130 pontem
1499 2044 1719 2131 pervenirent.

666 2148 748 2213 Erat
787 2146 922 2233 quidem
960 2168 1043 2232 pons
1081 2145 1232 2233 lapideus
1261 2151 1296 2210 et
1326 2168 1473 2234 magnae,
1504 2146 1542 2211 in
1579 2152 1719 2233 utraque

664 2251 773 2315 fronte
799 2255 907 2314 turres
930 2249 1054 2313 habens
1074 2247 1280 2328 fortissimas,
1303 2249 1338 2313 in
1361 2248 1484 2333 quibus
1506 2253 1639 2313 centum
1653 2250 1719 2314 viri
1731 2258 1893 2340 Bogwend.

665 2352 765 2417 armis
795 2351 930 2429 strenui,
954 2351 1149 2416 balistarum
1179 2372 1276 2415 usum
1301 2350 1469 2439 habentes,
1500 2351 1633 2415 fuerant
1664 2352 1718 2416 de·
1776 2343 1803 2377 ¹¹·
1816 2334 1857 2380 ⁹²·

665 2454 784 2540 putati,
801 2454 859 2539 qui
881 2458 1015 2540 pontem
1030 2453 1084 2518 vel
1106 2453 1253 2518 fluminis
1267 2453 1392 2518 vadum
1407 2454 1555 2518 volentes
1577 2455 1720 2520 transire

665 2555 827 2622 violenter
841 2561 1033 2622 rearoerent.
1080 2556 1295 2621 Advenerant
1310 2561 1470 2642 praeterea
1484 2556 1527 2621 ab
1541 2557 1721 2622 Antiochia

667 2659 793 2744 equites
824 2658 1038 2746 septingenti,
1059 2659 1118 2744 qui
1147 2659 1184 2723 in
1206 2658 1356 2723 ulteriori
1379 2658 1528 2723 fluminis
1550 2659 1624 2745 ripa
1646 2681 1721 2724 oon·

538 2834 539 2839 1
666 2760 787 2839 stituti,
821 2761 1000 2826 transitum
1029 2762 1152 2825 nostris
1182 2761 1344 2847 denegare
1375 2783 1433 2849 pro
1455 2760 1584 2825 viribus
1614 2762 1722 2827 decer-

665 2865 795 2929 tabant.
842 2864 898 2928 Ad
927 2864 1014 2928 hunc
1043 2885 1174 2949 quoque
1204 2870 1348 2949 pontem,
1379 2887 1454 2929 cum
1484 2864 1625 2929 transire
1655 2887 1722 2929 non

665 2971 796 3052 poterat
819 2967 889 3030 (lux
912 2966 1087 3047 Robertus,
1108 2966 1152 3031 ab
1176 2967 1326 3033 hostibus
1347 2967 1514 3054 praedictis
1536 2968 1721 3055 impeditus,

665 3069 705 3133 fit
727 3065 926 3154 utrobiquel
951 3068 1123 3133 conflictus
1145 3070 1351 3155 asperrimus,
1378 3072 1436 3156 qui
1466 3092 1570 3156 usque
1601 3072 1644 3136 ad
1665 3072 1722 3136 ad-

666 3178 803 3236 ventum
826 3170 960 3255 majoris
976 3171 1140 3235 exercitus
1162 3193 1230 3235 non
1245 3173 1402 3238 cessabat
1449 3172 1629 3259 Postquam
1644 3195 1721 3262 ergo

668 3274 830 3338 universae
850 3278 1075 3338 convenerunt
1095 3273 1249 3360 legiones,
1270 3274 1364 3339 lituis
1384 3276 1666 3362 perstrepentibus
1687 3282 1721 3341 et

667 3376 758 3441 tubis
774 3376 1009 3462 elangentibus,
1025 3381 1160 3462 pontem
1182 3376 1356 3454 invadunt,
1373 3377 1501 3441 viribus
1515 3378 1597 3442 totis
1612 3379 1722 3444 hostes

667 3479 850 3566 repellunt3
876 3484 912 3544 et
936 3478 994 3543 alii
1020 3479 1165 3557 interim,
1182 3480 1268 3544 vado
1293 3485 1433 3566 reperto,
1456 3481 1581 3545 flumen
1604 3487 1721 3568 poten-

668 3590 719 3650 ter
743 3586 924 3660 transeunt,
947 3586 981 3646 et
1007 3581 1124 3668 ripam,
1145 3581 1297 3646 hostibus
1321 3582 1455 3669 fugatis,
1476 3583 1651 3669 attingunt
1671 3584 1721 3648 ul-

502 3696 557 3746 The
568 3712 639 3762 army
667 3670 831 3751 teriorem.
887 3684 1025 3761 Deinde,
1050 3682 1214 3748 translato
1244 3686 1392 3749 exercitu
1421 3684 1583 3762 universo,
1615 3692 1722 3751 eastra

499 3779 617 3881 ζξξζξρδ
669 3791 867 3867 statuerunt,
896 3786 954 3851 et‘⁰’
979 3786 1031 3850 die
1059 3787 1210 3871 sequenti
1242 3787 1330 3851 inter
1354 3793 1483 3851 montes
1510 3793 1544 3851 et
1570 3788 1720 3865 fluvium,

500 3898 620 3949 Antioch-
668 3891 758 3956 viam
797 3890 921 3976 regiam
960 3892 1143 3974 sequentes,
1179 3893 1258 3953 ante
1295 3890 1409 3954 urbem
1446 3889 1555 3954 infra³
1594 3890 1721 3956 miliare

668 4016 771 4059 unum
797 3998 905 4058 castra
928 3992 1126 4057 locaverunt.

811 4266 861 4332 De
883 4264 1176 4332 commendatione
1199 4264 1352 4331 civitatis
1372 4263 1574 4332 Antiochia.

500 4420 659 4473 Aecountof
712 4415 773 4481 Est
797 4421 908 4480 autem
933 4415 1113 4481 Antiochia
1143 4415 1260 4480 civitas
1287 4415 1451 4501 praeclara,
1473 4416 1517 4479 ab
1543 4416 1717 4496 Antiocho,
1730 4423 1887 4504 Roqwmd

499 4486 619 4540 Antioch.
666 4520 735 4584 fflio
758 4519 939 4585 Alexandri
967 4518 1165 4596 Macedonis,
1192 4519 1288 4598 dicta,
1317 4519 1467 4604 eoquod
1493 4520 1597 4606 ipsam
1620 4527 1719 4608 caput
1776 4499 1855 4545 ΠΜ·

666 4623 758 4710 regni
783 4624 834 4686 sui
857 4622 1073 4688 constituerit.
1121 4623 1163 4686 In
1185 4623 1246 4687 bac
1268 4623 1475 4708 postmodum
1499 4625 1719 4710 apostolorum

703 4940 860 5006 'utrobiqud
880 4942 919 4992 At
936 4943 991 4992 first
1005 4944 1105 4995 written
1126 4943 1171 4993 iti·
1252 4944 1308 5008 Ι·ἐι]
1328 4943 1363 5003 in,
1376 4943 1432 4994 MS.
1451 4945 1502 4993 and
1518 4944 1548 4994 F.
1587 4944 1722 4995 Corrccted

668 5038 721 5086 que.
755 5022 784 5070 F.
797 5021 894 5071 follows
905 5022 948 5073 the
958 5024 1105 5074 correction.
1140 5025 1170 5073 ln
1217 5024 1282 5074 from
1294 5022 1336 5074 W.
1349 5023 1425 5075 Ac.
1438 5023 1471 5073 Ῐ).

668 5101 711 5151 W.
723 5101 757 5150 Λ.
771 5101 799 5153 C.
811 5101 844 5152 D.
857 5101 949 5153 ibidem.
1251 5106 1261 5132 ³
1273 5103 1356 5168 insta]
1375 5102 1458 5164 irnha,
1470 5103 1538 5165 MS„
1552 5104 1714 5169 throughout.
