4442 6392
596 1183 643 1231 aa
665 1182 825 1232 rnuroau
848 1183 949 1234 sams
965 1185 1134 1234 ursarum
1158 1187 1318 1252 saeuum,
1333 1189 1400 1237 vm.
1417 1189 1510 1239 uum.
1534 1177 1575 1239 85

528 1349 645 1417 Nostri
680 1359 801 1435 autem,
830 1377 889 1441 per
920 1354 1143 1442 exploratores
1174 1379 1287 1422 eorum
1318 1359 1466 1426 adventu
1494 1383 1576 1449 prae-
1586 1372 1655 1426 al).
1669 1381 1742 1428 1097.

527 1455 667 1539 cognito,
695 1457 838 1522 sarcinas
864 1463 899 1523 et
933 1480 1046 1524 crurus
1077 1480 1153 1524 cum
1190 1460 1353 1526 debilibus
1387 1462 1456 1528 suis
1485 1486 1576 1529 secus

529 1555 788 1625 harundinetum
818 1583 919 1648 prope
956 1560 1081 1627 ibidem
1110 1563 1312 1641 locaverrmt,
1346 1569 1380 1629 et
1409 1566 1453 1630 ad
1484 1588 1575 1632 arma

509 1662 748 1742 convolantes,
781 1685 880 1749 equos
917 1669 1115 1752 praeparant,
1144 1665 1267 1730 vexilla
1299 1667 1474 1753 explicant,
1506 1692 1575 1734 sese

510 1763 744 1846 consolantur,
768 1788 837 1831 sese
861 1766 1004 1832 invicem
1029 1767 1266 1833 cohortantur¹
1293 1769 1448 1850 dicentes,
1475 1779 1492 1807 “
1507 1771 1575 1836 No-

509 1865 653 1932 biscum
677 1868 768 1934 Deus
791 1875 850 1950 est,
874 1869 948 1955 quis
967 1875 1083 1936 contra
1104 1892 1186 1950 nos;
1209 1870 1311 1935 simus
1333 1873 1575 1959 inseparabiles,

509 1973 561 2032 .et
588 1971 709 2036 erimus
733 1971 969 2058 insuperabiles
983 1971 1022 2036 l”
1077 1972 1131 2053 Et,
1156 1972 1264 2038 missis
1286 1976 1416 2040 nunciis
1447 1975 1576 2041 festinis

526 2071 569 2136 ad
582 2072 685 2137 alium
700 2075 890 2152 exercitum,
912 2097 933 2139 a
955 2096 1020 2160 quo
1039 2082 1164 2140 temere
1178 2090 1387 2155 recesserant,
1402 2077 1577 2143 hortantur

524 2176 713 2255 instantiam,
735 2182 774 2242 ut
807 2177 971 2241 auxilium
994 2177 1165 2243 conferant
1187 2179 1377 2266 desperatis.
1424 2180 1490 2245 Sed
1526 2181 1576 2244 in-

524 2278 629 2356 terim,
652 2279 774 2344 nostris
800 2279 927 2358 invitia,
949 2279 1072 2344 bellum
1099 2279 1241 2345 infertur
1264 2281 1419 2346 horribile
1445 2287 1479 2347 et
1505 2305 1576 2347 cru·

523 2381 751 2461 eutissimum3
787 2382 824 2446 in
854 2403 918 2467 quo
949 2381 1088 2469 ancipiti
1119 2383 1298 2447 certamine
1329 2388 1363 2448 et
1394 2384 1573 2471 dampnoso

525 2482 712 2548 Christiana
744 2484 887 2548 contrita
919 2489 998 2549 sunt
1035 2485 1169 2571 agmina
1209 2484 1426 2550 vehementer.
1483 2487 1573 2552 Nam

523 2607 634 2650 eorum
649 2586 724 2671 equi
739 2586 908 2651 insolitum
923 2608 991 2651 non
1005 2586 1148 2652 ferentes
1166 2587 1347 2651 Turcorum
1361 2586 1571 2668 buccinarum

525 2693 558 2753 et
588 2689 724 2774 pellium
758 2693 977 2767 extentorum,
1011 2710 1092 2774 quas
1126 2688 1293 2753 tubercula
1322 2711 1484 2766 vocamus,
1515 2696 1570 2755 tu·
1583 2705 1707 2758 Threm-

460 2764 464 2774 ¹
525 2790 666 2856 multum
687 2790 886 2870 horribilem,
909 2791 1088 2857 calcaribus
1112 2813 1178 2856 non
1202 2791 1371 2877 parebant,
1398 2775 1740 2905 appropia-¹‡,²3J¹⁸bg{ive

525 2914 624 2978 quare
658 2893 809 2959 hostibus
842 2893 1066 2959 formidantes.
1125 2894 1215 2958 Dum
1255 2894 1360 2981 igitur
1391 2894 1571 2960 Christiani
1581 2921 1623 2955 are
1634 2878 1700 2957 ieiu-

524 2996 635 3081 fugam
659 2996 743 3062 inire
770 3002 972 3082 cogerentur,
998 2997 1191 3084 supervenit
1216 2997 1356 3062 feliciter
1377 2999 1571 3084 magnificus
1580 2973 1739 3091 {ffifflos

506 3098 792 3164 .Normannorum
815 3099 885 3164 dux
908 3098 1082 3178 RobertuS,
1098 3098 1132 3164 N
1133 3100 1302 3164 ormannis
1316 3099 1384 3164 suis
1404 3105 1438 3165 et
1452 3100 1571 3186 Anglis
1582 3106 1738 3172 Normandy.

504 3200 764 3280 comitantibus,
796 3222 877 3266 voce
912 3223 1033 3288 magna
1063 3202 1209 3267 clamans
1244 3206 1278 3266 et
1308 3201 1429 3280 dicens,
1466 3202 1574 3282 “Quo

524 3305 647 3390 fugitis,
685 3303 816 3384 militae,
854 3326 919 3389 quo
955 3304 1094 3390 fugitis?
1131 3305 1208 3390 equi
1239 3304 1418 3370 Turcorum
1451 3307 1574 3371 nostris

523 3413 601 3473 sunt
623 3407 810 3484 velociores,
842 3406 932 3471 unde
965 3406 1044 3493 fuga
1072 3407 1227 3493 praesidio
1255 3429 1324 3472 non
1346 3413 1417 3488 est3
1455 3408 1572 3474 melius

524 3516 573 3574 est
595 3510 679 3575 bene
700 3508 793 3588 mori,
822 3531 922 3594 quam
944 3509 1086 3596 turpiter
1108 3508 1249 3574 vivere.’'
1294 3510 1377 3576 Haec
1399 3532 1473 3575 cum
1495 3511 1571 3574 dix·
1581 3527 1699 3577 Persona!

525 3613 610 3689 isset,
633 3612 669 3675 in
695 3610 860 3697 quendam
886 3610 1075 3689 Turcorum,
1100 3611 1159 3696 qui
1185 3612 1351 3676 maximus
1372 3612 1460 3676 inter
1489 3613 1570 3678 ahos
1580 3594 1710 3712 {glffitf'f
1787 3651 1790 3657 ·

504 3737 594 3781 ,esse
617 3715 801 3791 videbatur,
825 3715 894 3779 dux
916 3713 1009 3779 miles
1033 3714 1174 3778 illustris
1197 3713 1283 3778 nulli
1308 3715 1470 3780 secundus
1501 3717 1572 3782 lan·

506 3841 614 3884 .oeam
650 3818 815 3883 vibratam
848 3817 980 3896 direxit,
1014 3815 1173 3902 acieque²
1213 3816 1358 3901 ipsorum
1393 3818 1572 3882 Turcorum

506 3921 601 3986 .hinc
623 3920 701 3986 inde
716 3919 884 4007 dissipata,
900 3925 1031 3985 scutum
1046 3919 1157 4005 ipsius,
1185 3917 1319 3982 loricam
1345 3940 1475 4004 quoque
1497 3941 1572 3984 cum

506 4020 742 4110 praepostere,³
765 4044 894 4087 necnon
924 4027 959 4086 et
988 4043 1105 4108 corpus
1136 4021 1238 4108 ipsius
1261 4018 1362 4086 libere
1385 4023 1572 4109 perforavit.

505 4127 605 4193 ‚Erat
627 4131 739 4191 autem
761 4126 830 4212 ipse
845 4130 1030 4212 prostratus
1046 4123 1179 4211 quidam
1201 4123 1381 4188 Turcorum
1395 4124 1573 4189 multorum

505 4251 583 4294 ‚rex
604 4227 840 4294 celeberrimus.
884 4228 957 4293 Nec
980 4226 1087 4292 adhuc
1116 4225 1246 4311 quievit
1272 4225 1341 4291 dux
1365 4225 1507 4291 fremens
1534 4249 1573 4291 ac

505 4332 675 4397 .fi·endens
697 4330 874 4412 dentibus;
892 4331 1070 4397 secundum
1086 4351 1215 4417 quoque
1237 4330 1296 4395 sed
1317 4335 1352 4395 et
1375 4329 1521 4406 tertium,
1537 4330 1574 4393 in

503 4437 630 4500 lurore
644 4434 703 4500 irae
725 4439 759 4499 et
774 4433 1011 4521 indignationis
1026 4454 1103 4511 suae,
1126 4454 1259 4498 accenso
1275 4432 1438 4519 sanguine
1461 4432 1576 4522 regali,

504 4537 693 4613 -confossos
716 4537 810 4623 quasi
824 4538 862 4602 in
884 4541 1049 4602 momento
1071 4536 1116 4600 ad
1133 4535 1271 4600 Tartara
1294 4535 1480 4600 destinavit.
1526 4534 1572 4600 Et

505 4641 726 4709 ·exclamans⁴
740 4642 797 4722 ait,
820 4650 837 4676 ‘¹
850 4638 996 4726 Regales
1012 4639 1145 4724 regales
1163 4638 1253 4703 Deus
1273 4637 1417 4722 adjuva;
1440 4638 1572 4703 contriti

527 4803 831 4812 --·------—--—-›··-
1324 4800 1332 4805 -
1351 4800 1425 4805 -.-
1443 4799 1566 4805 —.---..

557 4894 744 4960 ¹cotcrtantur]
763 4893 935 4955 choortantur,
946 4891 1003 4942 MS.
1103 4890 1276 4957 ἐτείαηιωιε]
1297 4890 1407 4940 Written
1425 4888 1523 4940 mua
1541 4890 1569 4939 in

554 4978 564 5006 ²
574 4975 687 5041 acieque]
699 4992 744 5038 quc
755 4974 778 5023 is
788 4973 931 5024 interlined.
1070 4972 1112 5022 the
1132 4977 1193 5031 text,
1205 4972 1251 5022 but
1269 4971 1419 5034 expuncted,
1436 4971 1486 5020 aud
1506 4985 1570 5021 corr.

554 5054 733 5121 'proepoetord
747 5052 894 5118 prepeetori,
903 5052 960 5104 MS.
971 5054 1020 5102 and
1070 5051 1097 5101 iu
1110 5067 1190 5116 marg.

523 5133 552 5184 F.
