4442 6392
642 1151 685 1215 64
760 1165 927 1214 mirum
951 1164 1166 1214 mmsmrsrs
1189 1163 1352 1214 maroam
1374 1163 1572 1215 russonum

471 1355 538 1407 Am.
559 1361 630 1408 ross.
641 1340 809 1427 equitibus
840 1341 1038 1429 quingentis,
1074 1341 1234 1408 ordinatis
1270 1341 1467 1429 agminibus,
1503 1342 1547 1406 ad
1583 1345 1694 1427 partes

640 1442 771 1509 Nioeeas
793 1445 1018 1526 contendunt;
1048 1449 1083 1510 et
1106 1446 1143 1510 in
1166 1445 1331 1532 quendam
1355 1466 1508 1531 campum
1532 1443 1694 1510 Solimon-

639 1567 720 1611 num
747 1570 821 1613 cum
844 1547 1023 1613 Turcorum
1049 1570 1185 1613 suorum
1210 1570 1384 1613 numerosa
1405 1547 1621 1612 multitudine
1643 1547 1694 1610 in-

638 1651 817 1730 venientes,
833 1651 965 1716 irruunt
979 1657 1132 1738 potenter
1146 1652 1182 1715 in
1196 1651 1314 1717 hostes.
1353 1650 1419 1716 Sed
1434 1650 1531 1715 Turci
1546 1651 1693 1740 scientes,

639 1752 727 1839 quod
748 1775 800 1819 res
821 1775 880 1840 pro
902 1754 1066 1841 capitibus
1087 1759 1247 1842 ageretur,
1261 1754 1492 1840 gravissimum
1514 1751 1694 1839 peregrinis

639 1855 811 1922 reddidere
839 1856 1052 1939 conflictum
1082 1863 1125 1934 et,
1149 1856 1229 1944 ipsis
1259 1857 1395 1922 tandem
1418 1856 1590 1943 oppressis,
1613 1855 1693 1920 dum

639 1958 768 2046 pondus
793 1959 902 2047 proelii
933 1959 1016 2026 ferre
1047 1959 1174 2026 diutius
1203 1982 1272 2046 pue
1301 1959 1518 2026 multitudine
1547 1958 1693 2024 hostium

640 2063 785 2128 maxime
822 2060 1078 2128 adventantium
1116 2085 1183 2128 non
1221 2062 1379 2140 valerent,
1415 2062 1528 2149 fugam
1565 2062 1693 2138 ineunt,

473 2177 551 2230 Great
640 2165 827 2251 agminibus
861 2165 1037 2254 dissipatis.
1097 2165 1189 2246 Quos
1221 2164 1320 2231 Turei
1357 2166 1394 2229 in
1423 2187 1479 2230 ore
1508 2163 1612 2252 gladii
1642 2163 1694 2227 in·

472 2246 600 2363 {fflm
641 2273 823 2354 sequentes,
854 2273 996 2356 stragem
1034 2290 1103 2334 non
1138 2268 1300 2334 modicam
1331 2268 1536 2334 nostratibus
1572 2267 1693 2333 intule-

473 2380 622 2432 cmismns.
640 2375 728 2436 runt
774 2371 971 2438 Ceciderunt
1000 2370 1049 2436 ibi
1076 2371 1117 2437 de
1147 2371 1293 2437 exercitu
1316 2370 1408 2436 Petri
1437 2368 1565 2435 nobiles
1586 2369 1694 2446 multi,

639 2472 762 2539 scilieet
794 2473 971 2541 Gualterus
994 2474 1189 2556 Sanzsavur,
1220 2474 1261 2540 de
1291 2497 1355 2560 quo
1389 2472 1605 2563 praelocutum
1634 2477 1694 2552 est,

639 2576 733 2642 miles
763 2577 913 2656 eximius,
938 2578 1141 2665 Reginaldus
1171 2598 1299 2664 quoque
1329 2579 1371 2644 de
1394 2577 1498 2658 Breis,
1520 2598 1595 2642 curn
1618 2575 1695 2641 Ful·

640 2679 736 2745 chero
758 2680 1009 2761 Aurelianensi3
1038 2687 1073 2746 et
1097 2680 1139 2746 de
1168 2680 1273 2746 xxxss.
1300 2679 1434 2745 milibus
1456 2679 1613 2766 peditum,
1637 2679 1695 2765 qui

641 2781 681 2848 de
704 2783 820 2848 castris
841 2784 962 2871 egressi
975 2782 1119 2864 fuerant,
1134 2783 1232 2848 simul
1255 2788 1289 2848 et
1311 2782 1480 2869 equitibus
1495 2782 1696 2869 quingentis,

640 2885 700 2950 vix
723 2885 778 2951 vel
806 2909 893 2952 unus
916 2886 1088 2973 superfuit,
1111 2887 1170 2973 qui
1194 2907 1354 2951 carcerem
1376 2886 1431 2951 vel
1453 2891 1593 2951 mortem
1619 2907 1695 2951 eva-

640 2987 744 3053 sisset.
790 2987 873 3053 Ecoe
895 2988 1048 3075 proelium
1070 2989 1315 3069 inobedientiis,
1331 3009 1429 3074 quem
1443 2988 1544 3053 finem
1566 2987 1693 3066 habuit,

642 3090 721 3155 dum
744 3097 860 3157 contra
890 3097 1090 3179 praeceptum
1113 3091 1322 3178 imperatoris
1345 3091 1486 3178 populus
1510 3090 1693 3156 cervicosus
1703 3104 1865 3168 Rquend.

640 3215 734 3259 arma
763 3200 911 3260 moverat
935 3195 1128 3276 temeraria3
1158 3194 1216 3280 qui
1239 3194 1403 3260 consuluit
1426 3193 1598 3259 indoctum
1619 3193 1693 3259 vul·
1738 3173 1764 3224 iu
1778 3175 1816 3223 ⁷⁰·

640 3319 713 3384 gus,
746 3302 787 3361 ut
826 3296 961 3385 pacifice
1000 3297 1088 3383 apud
1120 3295 1445 3383 Constantinopolim
1483 3301 1696 3384 expectarent

640 3399 828 3486 principum
857 3399 1039 3465 adventum
1077 3399 1342 3479 adventantium,
1378 3399 1435 3486 qui
1467 3399 1696 3487 prudentiores

577 3551 580 3561 .
642 3500 723 3588 ipsis
745 3506 850 3580 erant,
872 3506 907 3568 et
928 3502 972 3568 ad
993 3502 1110 3589 proelia
1133 3505 1344 3590 potentiores.

918 3825 1178 3913 degeneratuml
1203 3828 1416 3914 tymmetdts.

478 3996 624 4064 emeltyos
688 3970 905 4038 Solimanno²
927 3996 1006 4040 vero
1030 3996 1096 4041 non
1120 3975 1301 4043 sufficiente
1323 3979 1411 4064 quod
1434 3979 1556 4046 factum
1579 3980 1695 4062 fuerat,
1707 4001 1865 4068 nomene.

477 4064 597 4117 muman.
643 4075 679 4141 in
721 4080 828 4141 castra
865 4076 965 4142 irruit
1004 4078 1180 4155 violentus,
1218 4086 1252 4145 et
1294 4103 1395 4160 senes,
1433 4083 1694 4163 valitudinarios,
1740 4070 1768 4121 ii.
1781 4073 1820 4122 ⁷⁰·

644 4178 820 4244 monachos
857 4184 891 4244 et
925 4180 1102 4260 ordinatos,
1139 4187 1316 4262 matronas,
1351 4185 1476 4272 puellas
1507 4192 1542 4251 et
1570 4207 1696 4274 pueros,

645 4281 681 4346 in
710 4304 766 4347 ore
790 4281 892 4369 gladii
921 4282 1090 4350 interemit
1120 4285 1330 4352 truculenter.
1387 4287 1555 4368 Quosdam
1577 4295 1699 4368 tamen,

646 4406 783 4471 quorum
807 4389 889 4450 aetas
919 4406 978 4472 pro
1009 4388 1055 4452 eis
1085 4387 1319 4469 intercedebat,
1347 4391 1390 4455 ad
1421 4391 1483 4456 hoc
1509 4392 1699 4458 reservabat

645 4486 773 4567 illaesos,
816 4492 856 4552 ut
896 4494 1063 4576 perpetuae
1103 4492 1257 4557 servituti
1298 4492 1557 4579 subjicerentur.⁸
1617 4495 1699 4560 Erat

479 4594 757 4718 {germinosum
783 4610 884 4678 prope
907 4596 1051 4657 castrum
1077 4592 1233 4673 fidelium,
1255 4617 1346 4661 secus
1368 4596 1448 4662 litus
1469 4599 1578 4680 maris,
1602 4602 1699 4665 vetus

681 4953 871 5022 rgmemm]
896 4956 1074 5019 mmmm
1091 4958 1148 5010 MS,
1199 4946 1411 5082 Dffliiwg'
1426 4948 1622 5004 solimannum
1633 4955 1698 5007 Edd.

1198 5042 1230 5078 am
1341 5045 1372 5080 en

680 5086 856 5156 τδὀῖὺιιωιιιο]
876 5089 948 5142 Scin
959 5090 1002 5143 W.
1010 5094 1060 5144 and
1074 5094 1105 5143 A.
1116 5092 1145 5143 C.
1230 5106 1441 5178 tuhjoemm]
1455 5112 1698 5178 miseramus.
