4442 6392
711 1216 759 1270 nr
780 1217 939 1270 murone
962 1217 1065 1271 unsre
1089 1216 1246 1279 ausuros,
1269 1218 1336 1271 vru
1360 1218 1473 1275 renen
1552 1206 1616 1274 211
1725 1205 1727 1208 ’

563 1527 792 1596 Boumuodue
816 1534 944 1595 terram
971 1524 1099 1604 Adouli,
1122 1525 1345 1612 temeratoris
1378 1527 1787 1597 demumdernum.

881 1627 1046 1715 pollioni,
1069 1626 1307 1715 depopulatur.

391 1774 548 1855 ngWenn
609 1780 705 1847 Circo
726 1779 786 1846 hos
820 1779 963 1866 denique
997 1778 1069 1844 dies
1091 1777 1314 1857 Boemundus,
1338 1779 1618 1848 Antiochenorum
1630 1788 1763 1844 Boanum

424 1857 452 1895 a
466 1850 521 1897 ηδ’
562 1883 721 1970 princeps,
743 1903 868 1948 memor
887 1881 1085 1970 injuriarum
1101 1902 1183 1968 quas
1194 1880 1335 1948 Alexius
1349 1882 1528 1970 imperator
1542 1906 1617 1951 eon·
1629 1856 1725 1976 ffiss

560 1989 697 2064 stanter,
722 1984 776 2050 vir
798 1984 985 2050 maliciosus
1007 1988 1042 2049 et
1064 2005 1217 2070 nequam,
1249 1984 1431 2073 peregrinis
1456 1989 1763 2068 eammeseeuro

559 2088 694 2154 entibus
709 2088 780 2153 sine
791 2086 1036 2152 intermissione
1050 2085 1265 2173 irrogaverat,
1281 2108 1489 2154 communem
1502 2090 1617 2156 volens
1629 2057 1730 2122 rpem.

560 2191 672 2257 ulcisci
695 2188 946 2277 querimoniam,
980 2187 1132 2274 equitum
1154 2211 1185 2254 v.
1208 2188 1303 2255 milia
1325 2195 1360 2256 et
1382 2192 1534 2278 peditum
1557 2192 1616 2258 xl‘.

559 2292 651 2358 milis
679 2293 828 2359 virorum
859 2290 997 2357 fortium
1022 2289 1282 2378 congregavit3¹
1315 2299 1350 2359 et
1381 2299 1504 2360 terram
1535 2295 1617 2362 dieti

557 2395 767 2483 imperatorin
789 2393 957 2461 hostiliter
978 2393 1156 2481 ingressus,
1173 2394 1346 2461 universas
1372 2418 1466 2483 paene
1489 2397 1618 2463 mariti-

558 2520 629 2562 mus
664 2497 764 2563 nrbes
792 2497 830 2561 in
860 2496 1082 2583 direptionem
1113 2495 1215 2574 dedit,
1247 2518 1445 2584 omnemque
1468 2499 1617 2587 Epyrum

557 2599 777 2688 depopulatus
807 2603 866 2678 est,
903 2604 976 2665 tem
1008 2597 1156 2663 Primam
1188 2619 1288 2685 quam
1323 2598 1516 2668 Secundum.
1571 2601 1617 2668 Et
1630 2603 1705 2670 siege
1716 2607 1747 2657 of
1811 2585 1829 2619 '

557 2702 693 2768 tandem
717 2701 922 2767 Dureehium
946 2699 1108 2779 obsidens,
1126 2700 1231 2787 Epyri
1254 2700 1374 2768 Prlmae
1397 2671 1756 2791 metropolim,Durum

557 2804 725 2891 regionem
768 2804 916 2890 undique
961 2802 1123 2868 incendiis
1169 2803 1371 2889 consumpsit
1408 2811 1443 2869 et
1479 2805 1614 2893 rapinis.

560 2906 654 2987 Quod
682 2907 821 2973 audiens
843 2906 1033 2992 imperator,
1062 2927 1137 2971 sum
1161 2904 1291 2993 ingenti
1325 2905 1448 2972 militis
1479 2908 1517 2971 in
1543 2930 1616 2973 sue·

558 3031 689 3075 cursum
711 3009 828 3093 venit;
863 3009 929 3085 sed,
962 3007 1266 3075 intervenientibus
1290 3009 1413 3087 amieis,
1436 3009 1723 3097 imperatorum

558 3111 665 3177 foedus
687 3111 765 3176 iniit
788 3132 862 3176 oum
885 3132 932 3193 eo,
956 3110 1162 3196 interpositis
1180 3109 1389 3196 juramentis,
1414 3112 1502 3199 quod
1525 3111 1615 3178 ultre
1626 3084 1746 3214 Jfflf

561 3213 687 3280 Christi
701 3212 856 3278 fidelibus
871 3212 908 3277 in
931 3212 1092 3278 orientem
1107 3234 1166 3299 per
1188 3211 1350 3279 ditionem
1365 3235 1459 3279 suem
1474 3215 1615 3280 transire
1627 3215 1745 3271 Alexim.

561 3314 749 3382 volentibus
772 3315 842 3379 sine
864 3314 979 3379 fraude
1010 3312 1185 3379 eonsilium
1219 3314 1264 3378 ed
1295 3315 1360 3380 iter
1391 3316 1614 3402 peragendum

538 3422 593 3485 ,et
615 3416 778 3483 auxilium
801 3416 1028 3496 ministraret3
1050 3415 1281 3482 formidolosus
1296 3416 1385 3482 enim
1407 3417 1523 3483 extitit
1545 3417 1615 3504 ipse

537 3520 707 3598 ‚Alexius
730 3525 770 3586 ut
784 3541 882 3605 quem
897 3517 1098 3587 somnientie
1120 3517 1253 3605 proprie
1275 3519 1445 3585 suuoiavit
1491 3520 1538 3584 Et
1558 3520 1614 3598 sio,

538 3623 680 3691 ⁴foedere
710 3621 914 3702 nomismate,
944 3621 1033 3688 idem
1065 3619 1282 3689 Bosmundus
1314 3621 1350 3687 in
1373 3619 1530 3708 Apuliam
1552 3621 1610 3688 de·

556 3724 692 3801 stendit,
720 3723 940 3792 familiaribus
969 3722 1112 3811 negotiis
1135 3726 1299 3789 evoestus
1345 3721 1512 3810 Sequente
1533 3743 1613 3790 vero

556 3832 681 3905 esstote,
711 3826 792 3893 dum
815 3825 1031 3893 Antiochiam
1060 3825 1168 3892 redire
1199 3825 1388 3913 disponeret
1409 3847 1485 3892 eum
1508 3825 1613 3912 oopiis

556 3929 758 3996 militaribus
779 3929 928 4015 undique
951 3927 1106 4006 collectis,
1123 3927 1236 3994 valide
1261 3927 1463 4014 egritudine
1485 3949 1612 4015 eorrep·
1623 3939 1767 4057 luorum

556 4037 621 4110 tus,
632 4032 668 4097 in
682 4030 754 4098 fetu
768 4030 928 4098 noncessit
937 4028 960 4111 3⁹
973 4029 1090 4096 relicto
1105 4029 1175 4096 filio
1189 4051 1250 4096 suo
1264 4030 1399 4096 nomine
1409 4029 1611 4108 Boemundo,
1623 4024 1750 4125 dum*

386 4150 544 4231 Begwenu
557 4156 655 4221 quem
685 4130 729 4200 ex'
751 4133 949 4200 Constentis
982 4137 1152 4220 genuerat,
1186 4131 1258 4199 filiu
1288 4133 1375 4220 regis
1409 4132 1611 4199 mancorum
1670 4113 1677 4126 ⁹

421 4233 447 4268 ¹¹·
462 4223 515 4272 ¹⁸⁷·
557 4235 713 4322 Philippi,
743 4256 849 4322 nuper
878 4233 1036 4301 defuncti.
1089 4234 1220 4322 Inoepit
1242 4255 1322 4302 vero
1353 4240 1435 4301 tuno
1464 4244 1761 4322 regnarelmirvu

541 4337 728 4427 puoifiests
748 4341 823 4403 totu
845 4336 994 4416 Francis,
1016 4337 1069 4405 vir
1090 4338 1240 4418 illustris,
1255 4332 1295 4404 rit
1316 4342 1516 4425 praetentum
1538 4311 1749 4434 esffffiefn

555 4439 756 4520 Lodowious,
778 4439 837 4527 qui
860 4435 1158 4528 xuilviiijusnnis
1179 4441 1341 4529 regnavit

591 4743 599 4774 ¹
609 4741 777 4809 congregavit]
796 4739 971 4809 congregarit,
983 4740 1040 4792 MS.
1136 4743 1146 4773 ⁸
1158 4740 1207 4807 est]
1227 4739 1375 4794 Interlined.

588 4821 980 4889 ’Hediedinllebrnsrylllh
1010 4821 1058 4875 See
1479 4841 1481 4844 ·

556 4904 570 4931 “
577 4900 658 4953 L’Art
665 4904 695 4953 de
700 4900 809 4954 Verifler
814 4904 850 4955 les
859 4901 963 4966 nates?
971 4901 989 4955 i.
998 4906 1057 4957 441.
