4442 6392
700 1201 747 1252 aa
768 1201 929 1253 rsuronn
951 1201 1051 1252 ansrs
1074 1201 1231 1265 adumar,
1253 1202 1320 1252 vrz.
1344 1202 1453 1253 rnnu.
1545 1190 1605 1255 191

557 1381 642 1444 esset
661 1379 704 1442 ad
728 1379 995 1466 expugnandum,
1019 1381 1191 1445 castellum
1213 1380 1304 1446 aliud
1326 1380 1473 1467 ligneum
1497 1384 1611 1446 contra
1624 1383 1777 1437 anuos.

557 1480 640 1546 illud
655 1483 850 1561 construxit,
868 1490 902 1550 et
924 1482 1058 1550 interim
1082 1484 1254 1550 castellum
1276 1483 1317 1550 de
1337 1484 1461 1571 Bruges
1483 1485 1612 1551 obsedit

559 1590 594 1649 et
615 1585 708 1671 cepit.
755 1586 826 1652 Nec
855 1588 1003 1667 cessavit,
1028 1587 1131 1652 donec
1161 1586 1328 1652 redditum
1349 1586 1467 1652 fuisset
1493 1588 1523 1652 ei
1546 1609 1613 1653 cas-

560 1687 676 1753 tellum
699 1696 916 1756 memoratum
939 1691 980 1755 de
1004 1689 1185 1756 Harundel
1233 1690 1286 1768 Et,
1306 1694 1402 1778 capto
1424 1690 1718 1777 municipiorum
1730 1698 1761 1747 de

560 1812 618 1856 rex
646 1791 828 1859 Robertum
850 1793 894 1860 ab
920 1792 1044 1881 Anglia
1068 1792 1169 1859 exilio
1194 1791 1375 1881 relegavit.l
1423 1763 1771 1882 Eodemquegfilfgpmein

392 1897 648 1962 Boallent-anno
675 1895 861 1977 Anselmus,
878 1896 1128 1964 cantuariensis
1149 1895 1416 1982 archiepiscopus,
1440 1896 1611 1962 concilium
1625 1913 1732 1964 Couneil

425 1981 452 2015 ¹¹·
467 1969 521 2019 ¹⁷¹·
560 1999 671 2064 tenuit
696 1997 885 2079 Londoniis,
902 1999 938 2064 in
954 1998 1087 2065 ecclesia
1105 1997 1219 2064 Sancti
1241 1997 1346 2078 Pauli,
1361 2005 1521 2086 praesente
1536 2022 1611 2088 rege
1623 1980 1738 2100 iiiiii.

560 2105 595 2164 et
618 2100 834 2189 suffraganeis
862 2101 1030 2189 episcopis,
1053 2101 1139 2168 circa
1161 2101 1283 2168 festum
1306 2103 1414 2168 sancti¹
1434 2101 1610 2169 Michaelis,
1641 2135 1672 2182 29
1686 2132 1752 2198 Sept.

561 2203 602 2267 In
636 2205 696 2269 hoc
727 2204 863 2270 concilio
895 2205 1078 2271 sacerdotes
1111 2204 1360 2271 concubinarios
1390 2207 1612 2272 excommuni-

559 2308 656 2386 cavit,
680 2308 745 2372 nisi
768 2329 822 2374 eas
852 2330 895 2373 ex
924 2313 1005 2373 tunc
1028 2313 1226 2374 amoverent.
1284 2307 1413 2374 Deinde
1436 2308 1514 2396 regi,
1537 2333 1611 2397 quae

559 2409 673 2476 Romm
697 2411 827 2476 decreta
849 2410 886 2475 in
908 2410 1044 2476 concilio
1066 2411 1213 2498 generali
1236 2410 1397 2498 acceperit
1420 2411 1460 2477 de
1475 2412 1611 2478 investi-

557 2512 642 2578 turis
665 2513 882 2593 eeclesiarnm,
899 2515 997 2601 plano
1020 2536 1169 2580 sermone
1192 2513 1373 2602 descripsit,
1396 2514 1494 2602 quod,
1520 2514 1612 2580 vide·

556 2615 640 2694 licet,
664 2618 775 2683 nullus
798 2617 1005 2684 ecclesiarum
1027 2617 1193 2705 praelatus,
1217 2617 1395 2706 episcopus,
1420 2618 1475 2684 vel
1498 2617 1611 2700 abbas,

555 2718 608 2785 vel
632 2720 775 2798 clericus,
799 2720 1015 2787 investituras
1037 2719 1176 2806 alicujus
1191 2720 1415 2788 ecclesiastiea
1436 2720 1611 2808 dignitatis
1621 2721 1753 2802 negam-

554 2822 594 2889 de
631 2846 733 2889 manu
767 2823 947 2910 suscipiant
977 2823 1143 2890 laieorum
1201 2822 1301 2891 Unde
1332 2823 1420 2890 idem
1451 2823 1609 2913 archiepi-
1622 2791 1750 2907 iffi&

551 2949 668 3015 scopus
697 2926 892 3015 degradavit
915 2925 1052 2993 abbates
1078 2928 1246 3012 quosdam,
1271 2927 1329 3014 qui
1356 2926 1398 2992 de
1420 2949 1521 2992 manu
1551 2926 1718 2992 lai-'blm

554 3053 674 3106 comm,
691 3035 725 3095 et
740 3031 819 3095 data
834 3030 980 3117 pecnnia,
1004 3029 1156 3095 abbatias
1179 3053 1254 3095 suas
1274 3030 1496 3116 optinuerant.
1543 3031 1610 3111 Qui

553 3133 601 3197 hii
625 3134 767 3211 fuerunt,
791 3133 951 3199 Ricardus
975 3133 1135 3220 Elyensis,
1161 3132 1338 3199 Aldwinus
1362 3133 1610 3213 Rameseiensis,

556 3237 740 3322 Burgensis,
756 3236 1026 3314 Tavistokensis,⁹
1043 3234 1258 3316 Cernelensis‚
1274 3240 1308 3301 et
1324 3235 1610 3319 Middeltunensis,

555 3345 589 3405 et
612 3340 747 3426 quidam
761 3339 845 3419 alii,³
868 3361 1007 3426 quorum
1023 3340 1159 3403 nomina
1174 3360 1241 3403 non
1260 3343 1419 3406 tenemus.
1464 3339 1509 3404 Et
1530 3361 1611 3426 quo-

556 3443 645 3507 niam
668 3442 711 3508 ad
730 3442 911 3529 jussionem
935 3442 1021 3529 regis
1046 3442 1205 3528 quosdam
1231 3441 1406 3529 episcopos,
1430 3442 1488 3528 qui
1514 3443 1610 3508 insti·

555 3545 702 3611 tutiones
717 3567 737 3610 a
751 3567 827 3634 rege
842 3551 1059 3633 susceperant,
1076 3566 1263 3611 consecrare
1278 3544 1387 3611 noluit
1409 3543 1462 3609 vel
1486 3544 1610 3610 eisdem

555 3650 804 3728 communicare,
824 3671 884 3715 rex
906 3649 1120 3716 vehementer
1143 3648 1249 3713 iratus
1279 3647 1437 3736 praecepit
1460 3646 1610 3717 Girarda

557 3752 755 3817 Eboracensi
787 3750 1053 3840 archiepiscopo⁴
1082 3755 1121 3816 ut
1150 3751 1238 3837 ipsos
1271 3755 1482 3817 consecraret.
1544 3751 1610 3818 Sed

554 3853 741 3920 Willelmus
772 3854 948 3934 Giffardus,
981 3853 1221 3921 wintoniensis
1248 3853 1382 3931 electus,
1407 3875 1504 3939 quern
1534 3875 1610 3919 con-

555 3981 679 4025 secrare
716 3956 841 4038 debuit,
874 3958 1007 4024 Girardi
1037 3956 1164 4046 sprevit
1194 3955 1480 4036 consecrationem,
1510 3979 1610 4044 quare

555 4062 640 4150 regis
650 4061 776 4147 judicio
801 4061 991 4128 eliminatur
1013 4061 1092 4128 exul
1114 4083 1134 4125 a
1152 4081 1262 4148 regna
1310 4056 1500 4125 Reinelmus
1522 4083 1610 4141 vero,

556 4164 808 4231 Herefordensis
842 4164 990 4243 antistes,
1022 4187 1059 4231 eo
1090 4163 1180 4252 quod
1210 4187 1231 4229 a
1259 4185 1334 4252 rege
1363 4162 1610 4231 institutionem

556 4274 730 4356 acceperat,
754 4270 784 4335 ei
807 4289 904 4334 suurn
926 4268 1073 4336 reddidit
1094 4265 1317 4356 praesulatum.

559 4466 657 4473 ..Q—.-

592 4573 739 4639 ¹rele9avit]
755 4571 1056 4623 Afterthiswordisin·
1138 4571 1362 4639 ’Tauietolrensia]
1412 4572 1610 4636 Tamstoltensis,

558 4656 639 4705 serted
658 4654 686 4703 in
704 4654 747 4704 the
765 4653 823 4703 MS.
842 4651 947 4703 another
964 4651 1057 4712 rubrio,
1103 4651 1168 4713 MS,
1177 4653 1222 4702 but
1233 4653 1276 4703 the
1287 4653 1341 4703 first
1351 4652 1458 4718 syllable
1469 4669 1502 4703 on
1513 4669 1546 4703 an
1557 4669 1610 4704 era·

558 4734 625 4785 “De
640 4732 739 4783 romilio
750 4731 819 4796 apud
833 4730 984 4792 londonias,
995 4731 1058 4781 etde
1103 4746 1172 4790 sure3
1189 4732 1239 4782 and
1259 4733 1342 4784 soW.
1357 4733 1392 4791 A.
1410 4733 1438 4786 C.
1456 4733 1489 4784 D.
1505 4734 1535 4786 P.
1570 4734 1609 4787 cf.

557 4809 1058 4877 dissentioneetpcrturbattbnerediviva‚''
1103 4811 1221 4870 manner,
1233 4828 1258 4876 p.
1267 4815 1307 4863 67.

557 4896 603 4943 but
613 4892 664 4941 this
676 4893 697 4941 is
706 4893 812 4942 omitted
821 4892 847 4940 in
855 4891 1000 4940 Wandover
1009 4892 1059 4940 and
1137 4890 1256 4953 'quidam
1267 4889 1326 4956 alii]
1345 4892 1438 4942 Added
1449 4893 1476 4943 in
1488 4909 1567 4960 marg.

558 4973 602 5023 the
612 4973 684 5022 other
696 4971 781 5029 MSS..
793 4972 819 5020 in
832 4970 866 5020 all
877 4970 908 5020 of
921 4970 1005 5019 which
1016 4970 1059 5020 the
1138 4969 1353 5036 ‘archiepiscopo]
1373 4972 1404 5021 In
1422 4973 1465 5023 the
1483 4982 1538 5025 text
1560 4976 1610 5038 epi·

558 5060 612 5102 text
624 5052 645 5102 is
657 5051 792 5101 continued
801 5049 907 5100 wlthout
914 5064 964 5116 any
973 5049 1058 5099 break.
1103 5065 1183 5115 scopo,
1195 5050 1240 5099 but
1251 5063 1314 5100 corr.
1326 5050 1353 5099 in
1365 5066 1446 5116 marg.
