4442 6392
634 1130 696 1194 136
765 1139 931 1190 narrum
954 1139 1169 1190 rasismusrs
1191 1137 1353 1188 fflsroars
1372 1137 1572 1192 motorum

465 1333 533 1385 al).
548 1317 670 1384 lesuin
704 1314 873 1381 obsidione
904 1312 1066 1378 Archensi
1099 1311 1310 1408 Albariensi¹
1349 1311 1510 1399 episcopo,
1547 1310 1685 1395 aliisque

466 1438 538 1502 They
551 1439 594 1487 an·
634 1419 716 1483 viris
744 1417 921 1496 nonnullis,
953 1413 1090 1482 versus²
1121 1414 1282 1501 Tripolim
1313 1414 1448 1501 agmina
1482 1414 1682 1480 &exerunt

465 1514 583 1634 ffigff
637 1521 710 1602 Quo
739 1520 977 1607 pervenientes,
1009 1517 1179 1605 praesidem
1213 1515 1278 1581 loci
1306 1516 1395 1581 illius
1424 1538 1499 1582 cum
1529 1517 1686 1581 universa

568 1609 573 1621 ¹
635 1622 852 1688 multitudine
879 1620 1034 1699 ciuitatis,
1059 1619 1222 1685 ordinatis
1251 1619 1447 1705 agminibus,
1470 1618 1685 1684 rebellaturos

634 1721 870 1810 repererunt3³
903 1722 992 1787 unde
1030 1727 1195 1787 nostrates
1231 1721 1454 1807 indignantes,
1491 1720 1610 1786 aeriter
1649 1721 1685 1784 in

636 1829 767 1894 eosdem
789 1827 968 1904 irruerunt,
991 1829 1025 1889 et
1047 1823 1084 1888 in
1106 1823 1213 1910 primo
1235 1823 1373 1909 impetu,
1393 1822 1559 1888 dissolutis
1581 1828 1684 1888 cater-

634 1931 695 2009 vis,
718 1951 772 1995 eos
803 1929 846 1993 ad
875 1927 992 1993 urbem
1022 1927 1130 1992 redire
1160 1926 1370 2012 compellunt,
1394 1925 1612 2013 septingentis
1642 1947 1684 1990 ex

635 2035 682 2099 eis
715 2033 753 2097 in
791 2053 846 2096 ors
884 2030 988 2116 gladii
1022 2028 1206 2094 trucidatis.
1253 2028 1372 2114 Ibique
1407 2033 1486 2094 ante
1523 2027 1684 2115 Tripolim

634 2132 798 2222 peregrini
823 2132 948 2197 Pascha
964 2131 1101 2196 Domini
1116 2130 1343 2216 sollempniter
1358 2131 1575 2210 celebrarunt,
1596 2130 1684 2195 iiiior.

470 2247 593 2314 ioApril.
633 2235 708 2300 idus
745 2234 880 2320 Aprilis.
927 2233 1020 2299 Tunc
1063 2254 1186 2320 praeses
1223 2231 1451 2318 Tripolitanos
1489 2253 1684 2319 cognoscens

634 2337 722 2424 quod
745 2358 813 2400 non
835 2334 946 2423 potuit
969 2357 1046 2401 cum
1067 2335 1189 2400 nostris
1218 2336 1415 2400 contendere
1438 2358 1459 2399 a
1480 2335 1561 2421 pari,
1585 2334 1685 2398 missa

634 2439 807 2526 legatione,
830 2460 851 2502 a
876 2437 1081 2525 principibus
1112 2437 1268 2524 optinuit,
1298 2442 1346 2515 ut,
1370 2437 1458 2503 datis
1488 2459 1543 2502 xv.
1573 2457 1686 2501 aureo·

634 2563 709 2606 rum
735 2541 878 2620 milibus,
909 2561 985 2606 cum
1014 2540 1115 2626 equis,
1146 2540 1254 2618 mulis,
1285 2540 1397 2605 sericis
1427 2545 1462 2605 et
1490 2541 1579 2604 vasis
1613 2561 1685 2626 pre-

637 2643 741 2722 tiosis,
772 2664 847 2708 curn
872 2642 1028 2729 gregibus
1059 2647 1094 2707 et
1126 2641 1294 2722 armentis,
1317 2641 1423 2707 fines⁴
1455 2643 1530 2708 illos
1552 2642 1686 2729 pacifice

635 2746 883 2832 pertransirent.
939 2745 1032 2809 Tunc
1076 2745 1181 2810 nostri
1222 2744 1410 2811 recedentes
1447 2751 1481 2810 et
1518 2745 1686 2810 maritima

468 2860 609 2912 Thenceto
635 2853 819 2934 sequentes
840 2847 924 2933 juga
945 2847 1069 2912 montis
1088 2847 1209 2911 Libani
1232 2847 1449 2928 sinistrantes,
1473 2848 1685 2933 Bibliumquc

468 2927 590 2980 cmm
634 2957 869 3036 percmrentes,
889 2971 989 3035 supra
1010 2948 1116 3035 ripam
1138 2950 1247 3027 maris,
1270 2949 1307 3013 in
1329 2949 1399 3014 loco
1418 2951 1470 3015 cui
1492 2973 1614 3015 nomen
1635 2955 1685 3015 est

636 3051 770 3130 Emaus,
797 3057 904 3115 distre
934 3054 1132 3115 statuerunt.
1179 3050 1263 3115 Inde
1285 3074 1364 3116 vero
1391 3053 1445 3118 dic
1475 3053 1576 3119 tertia
1606 3059 1685 3117 ante

635 3154 750 3219 urbem
781 3149 1010 3218 Britensium⁶
1041 3158 1148 3217 castra
1170 3154 1297 3231 metati,
1320 3156 1470 3240 sequenti
1492 3156 1546 3219 die
1577 3155 1683 3241 Sydo-

635 3270 714 3320 nem‘
748 3255 940 3340 attigerunt.
998 3252 1044 3319 Et
1081 3253 1118 3317 in
1155 3255 1307 3332 crastino
1345 3278 1500 3342 percursa
1536 3257 1684 3344 Sarepta,
1698 3276 1856 3341 Rogwend.

635 3358 729 3443 Elyae
752 3357 921 3442 prophete
944 3355 1137 3435 mansione,⁰
1171 3357 1214 3421 ed
1235 3357 1326 3422 illius
1355 3360 1499 3445 regionis
1521 3365 1684 3446 metropo-
1727 3343 1754 3394 ii.
1769 3350 1823 3396 ¹³²·

634 3460 694 3524 lim
718 3460 845 3545 Tyrum
874 3463 1105 3546 pervenerunt.
1163 3459 1209 3523 Et
1240 3459 1359 3525 dehine
1389 3461 1526 3548 profecti
1560 3461 1685 3540 heheu,

635 3568 671 3628 et
700 3562 743 3627 ab
774 3563 891 3626 Acbon
921 3563 1082 3648 progressi
1122 3561 1285 3627 Galilearn
1318 3586 1339 3627 a
1372 3563 1459 3628 laeva
1492 3564 1687 3643 deserentes,

635 3665 723 3729 inter
746 3664 934 3730 Carmelum
962 3670 997 3729 et
1022 3686 1111 3729 mare
1143 3664 1337 3744 Caesaream,
1362 3666 1537 3732 Palestinae
1566 3673 1686 3731 metro-

635 3767 746 3853 polim,
763 3788 838 3852 quae
857 3771 891 3831 et
906 3766 1021 3831 Turris
1042 3765 1210 3831 Stratonis
1227 3767 1293 3831 alio
1316 3768 1450 3833 nornine
1468 3775 1687 3856 nuncupatur,

635 3867 828 3955 attigerunt.
891 3867 1033 3948 Quidam
1076 3873 1189 3932 autem
1226 3869 1413 3956 principum
1450 3892 1509 3956 per
1544 3876 1686 3936 castrum

636 3970 798 4035 Bethelon
828 3975 1050 4047 transeuntes,
1075 3971 1308 4057 applicuerunt
1337 3973 1380 4036 ad
1410 3972 1528 4037 urbem
1550 3972 1687 4049 Barutb,

472 4087 500 4132 1⁰
513 4082 583 4148 May.
635 4073 689 4138 die
704 4072 888 4137 Dominicae
904 4073 1121 4138 Ascensionis
1168 4072 1251 4138 Inde
1275 4096 1405 4160 quoque
1427 4097 1486 4160 per
1509 4073 1688 4161 Sagittam⁷

635 4175 678 4240 ad
707 4175 827 4239 Arram
851 4179 885 4239 et
909 4174 1083 4260 Caypbam
1114 4181 1338 4253 transeuntes,
1369 4177 1455 4242 diem
1479 4177 1688 4243 Pentecostes

470 4293 502 4337 m
514 4287 576 4352 May
635 4299 748 4342 omnes
769 4277 894 4362 pariter
911 4277 1101 4362 congregati
1120 4279 1207 4364 apud
1228 4277 1411 4344 Caesaream
1433 4279 1506 4345 iiii0.
1530 4279 1688 4346 kalendas
1722 4319 1724 4321 ·

474 4353 605 4421 [mm]
635 4378 743 4445 Julii⁸
765 4377 978 4464 solempniter
999 4378 1214 4446 celebrarunt.

891 4506 1079 4513 .—...-———
1387 4511 1545 4518 -ι--υω
1552 4512 1685 4519 -—

659 4562 834 4628 ultorem]
852 4563 995 4623 Abariensi,
1009 4563 1066 4614 MS.
1225 4566 1383 4633 'Sapittam]
1402 4568 1434 4617 In
1446 4568 1487 4618 the
1498 4569 1689 4633 marginisthis

660 4642 778 4707 ὐενειις]
799 4643 893 4692 Added
904 4642 932 4692 in
943 4657 1022 4707 marg.
1186 4653 1263 4696 note:
1293 4645 1343 4697 “id
1365 4653 1411 4707 est,
1434 4647 1579 4712 Sydonom3
1606 4647 1688 4698 Sueto

659 4721 833 4788 'repereram
852 4729 1021 4785 reppererunt,
1033 4722 1089 4773 MS.
1187 4725 1310 4777 Gallice.'’

659 4803 669 4831 ⁴
674 4800 754 4865 fines]
768 4805 796 4849 ut
806 4799 876 4861 fines,
886 4801 950 4863 MS,
959 4802 1008 4851 aud
1020 4817 1047 4852 so
1057 4803 1097 4854 W.
1107 4803 1141 4852 Α.
1223 4803 1322 4869 Uala]
1343 4805 1378 4855 So
1395 4806 1448 4854 also
1459 4806 1501 4856 W.
1514 4807 1547 4857 Δ.
1560 4806 1589 4857 C.
1602 4807 1635 4856 D.
1649 4807 1687 4864 F..

638 4880 707 4932 ul).
719 4881 749 4929 F.
1185 4884 1230 4933 but
1241 4898 1280 4933 we
1302 4885 1381 4949 ought
1397 4893 1424 4934 to
1443 4887 1503 4935 read
1522 4885 1604 4947 Junii,
1623 4886 1685 4935 with

661 4958 846 5024 ⁵Briterrsr'um]
861 4959 1026 5021 Bricensium,
1040 4961 1096 5013 MS.
1187 4963 1255 5013 Will.
1268 4964 1340 5028 br„
1351 4979 1375 5028 p.
1387 4966 1443 5015 742.

661 5042 671 5069 ⁰
682 5039 818 5104 nmatione]
837 5039 1000 5101 mansionem,
1012 5041 1068 5092 MS.
