4442 6392
663 1190 727 1254 114
784 1201 949 1253 narrum
973 1200 1187 1251 rsnrsiuusrs
1209 1198 1375 1248 msrosre
1398 1195 1596 1247 exoremus

494 1392 562 1446 AD.
580 1395 651 1442 roes.
664 1376 809 1443 tensium
831 1397 946 1454 comes,
968 1381 1004 1442 et
1022 1375 1094 1461 ejus
1116 1374 1252 1440 comites
1268 1370 1545 1449 innominabiles,¹
1562 1371 1738 1456 miserias„

665 1502 748 1567 quas
777 1480 944 1567 peregrini
973 1478 1094 1544 inclusi
1125 1476 1340 1564 patiebantur
1370 1476 1460 1564 apud
1494 1475 1718 1556 Antiochiam,

666 1583 817 1650 omnibus
848 1582 1056 1659 Christianis,
1090 1603 1149 1666 per
1185 1602 1268 1667 quos
1300 1579 1515 1657 transierunt,
1549 1584 1720 1666 exponunt

664 1708 740 1754 eum
762 1686 974 1751 incremento.
1020 1683 1067 1751 Et
1088 1706 1131 1749 ne
1153 1685 1216 1771 ipsi
1239 1683 1283 1749 ob
1305 1684 1411 1749 levem
1433 1705 1564 1748 causam
1587 1688 1622 1749 et
1643 1689 1720 1747 tan·

664 1811 763 1876 quam
786 1780 900 1854 timidi
926 1786 1031 1853 socios
1060 1786 1244 1853 deseruisse
1265 1786 1467 1867 viderentur,
1495 1807 1569 1851 cum
1592 1787 1740 1872 magnis.

660 1893 862 1979 juramentis
883 1889 1051 1957 affirment
1073 1889 1220 1956 obsessos
1242 1891 1423 1956 necessario
1444 1889 1512 1956 cito
1534 1890 1698 1976 perituros
1710 1915 1738 1968 ;.

666 1994 754 2060 unde
777 1995 899 2060 multos
929 1993 973 2059 ad
1002 1993 1068 2059 iter
1096 1994 1289 2080 procinctos,
1311 1998 1353 2058 ut
1382 1993 1528 2058 obsessos
1553 1992 1739 2078 juvarent„

667 2101 872 2174 revocarunt,
895 2118 939 2161 ne
968 2096 1131 2161 similibus
1161 2094 1429 2162 calamitatibus²
1458 2095 1739 2160 involverentur..

668 2200 849 2266 Venientes
872 2198 1007 2264 tandem
1038 2198 1081 2264 ad
1102 2198 1344 2286 imperatorem,
1367 2200 1426 2285 qui
1456 2221 1531 2264 cum
1553 2199 1613 2263 xl⁸.
1635 2198 1720 2262 mili·
1869 2184 1871 2189 ¹

669 2304 732 2369 bus
770 2302 972 2378 latinorum,
1007 2302 1154 2389 exceptis
1191 2302 1292 2389 copiis
1330 2325 1411 2388 quas
1448 2324 1491 2368 ex
1530 2301 1722 2367 nationibus

670 2406 835 2472 universis
864 2409 1085 2482 contraxerat,
1117 2405 1333 2471 Antiochiam
1364 2405 1570 2493 proficiscens
1601 2405 1722 2471 nostris

500 2522 619 2603 Thoen·
672 2507 857 2576 subsidium
887 2507 1075 2587 oollsturus,
1106 2509 1334 2575 disuaserunt
1367 2531 1410 2575 ne
1443 2509 1639 2597 procederet
1663 2530 1723 2596 per

501 2605 635 2708 med
671 2612 741 2680 hec
789 2612 899 2693 verba,
949 2612 1110 2679 “Fideles
1148 2612 1210 2693 tui,
1251 2613 1432 2699 imperator
1483 2612 1720 2700 potentissime,
1733 2613 1891 2680 QWffld·

1768 2682 1793 2732 ii.
1807 2687 1862 2733 115.

501 2724 629 2791 bomary
672 2737 756 2794 oum,
794 2722 890 2804 capta
927 2716 1114 2793 Antiochia,
1152 2738 1222 2782 rem
1254 2716 1422 2782 crederent
1453 2723 1722 2794 consummatsm,

500 2791 619 2912 we·
672 2822 753 2887 urbe
778 2820 850 2906 jam
880 2825 1019 2907 recepta,
1041 2820 1150 2886 factus
1179 2826 1231 2886 est
1264 2841 1354 2885 error
1384 2820 1584 2887 novissimus
1616 2820 1724 2908 priore

673 2924 823 2990 deterior.
870 2922 938 2988 Vix
962 2922 1050 2988 enim
1081 2923 1124 2988 ab
1153 2924 1235 2989 urbe
1265 2929 1362 3011 capta
1392 2924 1492 2990 tertie
1522 2924 1593 2990 dies
1615 2925 1725 3011 elapsa

672 3027 790 3105 uerat,
835 3046 909 3091 cum
955 3047 1027 3091 ecce
1074 3024 1317 3107 Oorbarannus,
1355 3027 1529 3093 Persarum
1574 3028 1726 3115 princeps

673 3128 931 3217 potentissimus,
955 3151 1030 3194 curn
1053 3129 1265 3195 orientalium
1288 3131 1390 3217 copiis
1412 3131 1562 3211 infinitis,
1586 3151 1725 3217 quarum

673 3232 858 3299 multitudo
880 3232 1081 3297 numerum⁸
1103 3233 1239 3298 videtur
1261 3235 1424 3312 excedere,
1448 3235 1586 3300 eandem
1610 3234 1724 3298 urbem
1752 3242 1795 3293 fot
1808 3247 1838 3292 26
1850 3257 1874 3293 a.

674 3335 843 3402 obsidione
866 3335 1013 3401 vallavit.
1059 3333 1183 3401 Noster
1202 3336 1307 3423 igitur
1328 3336 1469 3425 populus
1490 3337 1725 3423 circumseptus

675 3440 769 3517 fame,
792 3438 922 3526 frigore,
952 3438 1018 3516 siti,
1052 3438 1197 3504 ceedibus
1218 3444 1254 3503 et
1275 3438 1375 3520 clade,
1399 3441 1436 3504 in
1465 3444 1598 3505 tuntum
1620 3461 1725 3504 mace-

675 3547 777 3623 ratur,
809 3546 849 3608 ut
886 3563 946 3608 nec
981 3543 1018 3606 in
1056 3543 1193 3608 civitate
1231 3542 1353 3608 dicitur
1390 3548 1524 3608 tantum
1561 3564 1726 3630 superesse

675 3646 881 3723 alimentum,
904 3651 945 3710 ut
966 3645 1065 3711 unius
1087 3645 1155 3711 diei
1176 3646 1364 3711 necessitati
1386 3648 1521 3712 valeant
1543 3647 1726 3713 subvenire.

675 3747 774 3814 Unde
805 3748 957 3813 videntes
987 3746 1129 3814 fratrum
1162 3749 1367 3835 propositum
1397 3750 1498 3816 finem
1528 3750 1745 3837 adoptatum,

673 3853 786 3918 sortiri
809 3873 876 3916 non
906 3873 1009 3938 posse,
1032 3852 1144 3938 potius
1174 3851 1266 3916 abire
1300 3873 1398 3938 quam
1430 3854 1520 3919 obire
1550 3854 1744 3925 maluimus.

675 3961 710 4022 et
733 3956 911 4042 elegimus;
941 3955 1126 4042 praesertim
1148 3977 1224 4020 curn
1253 3956 1341 4042 ipsos
1371 3956 1558 4023 obstinatos
1579 3979 1646 4023 non
1668 3980 1744 4044 po.

675 4059 803 4124 tuimus
825 4080 846 4123 a
875 4057 1049 4123 temerario
1079 4079 1192 4123 eorum
1222 4079 1304 4151 ausu
1333 4080 1492 4125 revocare.
1538 4060 1645 4125 Testis
1676 4069 1744 4129 est.

675 4161 795 4225 horum
817 4181 891 4247 quoe
920 4159 1087 4246 loquimur
1116 4161 1169 4224 vir
1198 4162 1341 4246 prudens
1372 4162 1519 4240 Tatinus
1542 4169 1612 4229 tuae
1634 4163 1725 4228 celsi-

676 4263 804 4329 tudinis
841 4261 949 4327 fidelis
987 4267 1188 4349 procurator,
1220 4285 1318 4349 quem
1355 4265 1525 4331 nobiscum
1563 4266 1724 4332 direxisti.

678 4365 744 4446 Qui
766 4371 955 4432 nostrorum
978 4386 1174 4453 cognoscens
1196 4367 1367 4446 defectum,
1390 4369 1434 4434 eb
1456 4392 1567 4434 eorum
1590 4392 1625 4435 se
1655 4369 1716 4435 sub

677 4469 784 4534 traxit
807 4469 937 4534 cautius
958 4469 1204 4546 conventiculis,
1227 4476 1267 4536 ut
1294 4471 1363 4537 baec
1387 4471 1477 4539 tue*
1499 4478 1580 4539 note
1606 4473 1728 4540 faceret
1857 4492 1862 4515 ³

676 4571 869 4656 majestati.'’

676 4751 786 4760 --ou
802 4749 917 4757 ——u-
931 4752 945 4758 .,
979 4752 1022 4759 ...η
1038 4751 1120 4759 asan—-
1137 4753 1150 4757 .-
1158 4754 1172 4759 ..
1212 4755 1232 4759 ..
1244 4753 1347 4761 -..κ-

602 4918 606 4926 ’
711 4855 717 4885 ¹
732 4853 925 4920 terminabiles]
939 4856 1141 4915 innumerabiles,
1149 4859 1177 4908 F.
1199 4876 1202 4895 v
1256 4861 1411 4925 ‘rrumerum]
1426 4876 1525 4911 omnem
1535 4877 1674 4924 numerum,
1682 4862 1726 4911 W.

709 4931 924 5000 ²ca1umilulitus]
944 4939 983 4986 At
1001 4936 1063 4995 first,
1079 4935 1177 4986 culumi—
1223 4940 1257 4988 A.
1271 4939 1299 4989 C.
1312 4940 1345 4989 D·

677 5020 743 5061 tutu.
1257 5019 1338 5085 ⁴lues]
1358 5020 1505 5070 luterlined
