4442 6392
563 1195 610 1243 nu
632 1194 792 1244 rnuronn
814 1195 917 1244 nnius
934 1193 1108 1242 mmmm
1132 1194 1290 1255 sncuum,
1307 1195 1375 1244 111.
1392 1193 1485 1242 surr.
1511 1175 1575 1248 107

518 1362 579 1441 vit,
597 1364 685 1449 quod
707 1364 797 1450 apud
819 1363 983 1451 principes
1005 1386 1063 1451 pro
1078 1368 1158 1430 voto
1180 1371 1297 1430 cuncta
1319 1366 1558 1452 impetraverat
1570 1391 1577 1445 ;
1590 1384 1659 1436 nl).
1676 1389 1744 1435 roos.

520 1467 607 1532 unde
638 1488 697 1553 per
729 1467 830 1532 fidem
862 1467 1005 1532 amicum
1044 1469 1177 1544 invitat,
1214 1474 1254 1533 ut
1291 1473 1387 1534 nocte
1426 1470 1577 1555 proximu
1698 1473 1701 1479 '

521 1575 679 1655 sequente
717 1591 769 1635 res
807 1569 940 1635 effectui
972 1569 1187 1657 mancipetur.
1243 1571 1379 1657 Emyfer
1411 1593 1429 1635 e
1461 1578 1578 1637 contro
1591 1580 1664 1631 111111
1672 1581 1741 1631 fixed

522 1671 717 1737 Boamundo
740 1673 928 1752 denunciat,
951 1677 990 1737 ut
1012 1674 1097 1737 circe
1121 1672 1235 1738 horam
1266 1695 1388 1737 nonum
1414 1674 1577 1760 principes
1589 1649 1625 1763 {ff
1627 1647 1740 1778 bffi‘r

522 1795 635 1840 omnes
665 1770 886 1860 egredientur,
911 1784 1070 1860 tanquam
1105 1775 1257 1841 hostibus
1290 1776 1424 1840 obviem
1454 1776 1705 1862 profan-thecis·

523 1877 601 1956 turi,
633 1876 675 1942 de
706 1878 831 1955 cestris,
864 1881 898 1942 et
932 1877 1018 1942 cirne
1048 1878 1189 1964 primam
1221 1879 1328 1942 noctis
1360 1878 1511 1964 vigiliam
1542 1879 1578 1944 in

524 1979 656 2044 silentio
693 1985 904 2056 revertentes,
945 1980 1053 2066 parati
1092 1980 1162 2045 sint
1201 1981 1282 2045 hore
1321 1981 1428 2046 noctis
1470 1980 1580 2046 medis

521 2082 623 2167 juxte
652 2082 722 2167 ejus
752 2081 881 2146 monito
909 2103 944 2146 se
973 2082 1101 2148 habere.
1149 2082 1245 2162 Quod
1275 2106 1350 2148 cum
1381 2085 1431 2150 itu
1453 2084 1580 2150 facturn

354 2185 742 2288 1303‚wmqfiiisset,jsm
771 2185 880 2250 noctis
911 2185 1019 2249 medio
1052 2185 1259 2264 adveniente,
1292 2210 1366 2251 cum
1400 2209 1434 2251 se
1464 2187 1581 2253 civitas

390 2277 419 2327 ⁵¹·
434 2282 486 2328 ¹⁰⁸·
526 2289 681 2352 universe
714 2287 818 2373 quieti
853 2287 1004 2365 dedisset,
1040 2288 1254 2374 interpretem
1292 2289 1508 2355 domesticum
1539 2291 1581 2355 ed

527 2391 670 2455 amicum
690 2389 807 2476 dirigit
827 2394 1055 2467 memoratum,
1072 2395 1112 2454 ut
1135 2390 1179 2454 ab
1201 2392 1272 2478 ipso
1295 2392 1451 2476 inquirat,
1468 2399 1581 2458 utrum

527 2493 589 2557 sibi
612 2492 720 2558 adhuc
743 2492 869 2557 domini
900 2494 952 2557 sui
976 2492 1138 2556 familiam
1171 2494 1283 2559 adesse
1312 2494 1443 2579 judicet
1465 2518 1582 2581 oppor-

527 2594 667 2661 tunum.¹
724 2595 916 2660 Adveniens
952 2601 1063 2659 autem
1094 2597 1235 2660 nuncius
1266 2596 1329 2673 ille,
1358 2618 1431 2661 cum
1462 2599 1492 2662 ei
1523 2598 1580 2662 do-

526 2697 610 2762 mini
640 2698 691 2762 sui
722 2699 927 2784 exposuisset
948 2697 1181 2776 voluntatem?
1203 2698 1372 2786 respondit
1394 2700 1434 2779 ei,
1468 2700 1582 2766 “Sede

526 2800 579 2866 hic
613 2801 746 2886 quietus
778 2805 813 2864 et
844 2806 924 2877 tace,
942 2800 1046 2863 donec
1078 2811 1228 2865 reverter
1250 2801 1292 2865 sd
1316 2799 1378 2866 te.’'
1425 2802 1487 2867 Ille
1502 2824 1581 2868 vero

526 2903 696 2989 paululum
729 2907 913 2988 expectans,
950 2923 1120 2988 quousque
1154 2904 1314 2990 magister
1345 2904 1495 2992 vigilum,
1523 2907 1581 2991 qui

527 3014 578 3072 ter
600 3006 653 3071 vel
677 3012 794 3092 quater
816 3006 853 3069 in
875 3011 972 3070 nocte
1004 3027 1116 3071 muros
1148 3028 1222 3071 eum
1256 3007 1393 3072 laternis
1424 3010 1581 3074 cireuirs³

527 3114 749 3188 consueverat,
773 3110 801 3172 si
825 3130 907 3194 quos
930 3130 972 3172 ex
996 3110 1158 3174 ministris
1172 3111 1209 3174 in
1223 3108 1394 3174 excubiis⁴
1417 3113 1582 3177 inveniret

526 3212 778 3298 somnolentos,
810 3212 1033 3297 pertransiret,
1070 3213 1222 3298 protinus
1254 3214 1307 3277 vir
1340 3213 1582 3300 1111111101)-

527 3313 757 3402 1)(111111111111,δ
791 3314 834 3378 ed
856 3315 1014 3379 nuncium
1036 3336 1185 3380 reversus
1207 3317 1265 3393 ait,
1299 3317 1419 3382 “Vade
1449 3318 1522 3395 cito,
1546 3323 1581 3383 et

528 3418 581 3483 dio
613 3418 746 3482 domino
778 3423 846 3496 tuo,
870 3422 909 3481 ut
931 3417 1071 3481 festinus
1104 3417 1263 3483 adveniat
1297 3440 1371 3483 cum
1394 3420 1475 3484 viris
1497 3441 1579 3505 prae·

528 3521 649 3599 electis,
673 3526 707 3585 et
730 3521 821 3584 nullo
844 3518 1082 3585 formidolos0.'’
1130 3519 1196 3599 Qui
1219 3521 1318 3587 citius
1341 3521 1384 3585 od
1407 3523 1578 3587 dominum

529 3645 705 3698 recurrens,
733 3623 865 3687 invenit
897 3622 996 3686 eum⁰
1026 3644 1100 3687 cum
1132 3623 1336 3709 principibus
1366 3625 1578 3710 promptum⁷

528 3732 562 3790 et
584 3731 759 3811 peretum
783 3731 818 3790 et
840 3724 923 3802 ilico,
948 3725 1033 3789 sicut
1056 3725 1210 3789 instructi
1233 3731 1337 3805 erant,
1362 3727 1470 3792 subito
1502 3734 1580 3792 ante

445 3900 448 3913 ,
529 3829 647 3894 turrim
678 3828 878 3913 praedictam,
903 3828 997 3911 quasi
1020 3827 1073 3891 vir
1095 3849 1191 3903 unus,
1215 3827 1250 3890 in
1274 3829 1419 3894 maximo
1447 3829 1580 3894 silentio

529 3930 716 3996 astiterunt
775 3930 910 4016 Emyfer
941 3930 1068 3994 interea
1102 3930 1224 3992 tmrim
1246 3930 1420 4014 ingressus,
1444 3931 1579 3996 fratrem
1592 3955 1697 4020 Euryser

529 4055 623 4099 suum
647 4033 768 4120 reperit
798 4054 934 4118 sompno
966 4036 1218 4118 pisegravstum
1266 4031 1369 4116 Cujus
1391 4037 1537 4098 mentem
1559 4022 1703 4139 offifhffl*

530 4158 589 4202 suo
621 4137 790 4223 proposito
821 4135 925 4200 sciens
959 4135 1109 4212 alienam,
1133 4135 1255 4198 timens
1287 4155 1327 4197 ne
1350 4156 1409 4220 per
1430 4156 1506 4199 eum
1528 4136 1579 4200 in-
1593 4157 1643 4205 and
1654 4128 1741 4207 loviers

530 4243 632 4322 ceptae
663 4238 857 4324 impeditum
889 4235 960 4301 rei⁸
992 4238 1150 4316 eveniret,
1186 4237 1294 4323 ipsum
1328 4237 1439 4323 gladio
1473 4225 1687 4303 crans-³⁶⁰‘d2

531 4340 728 4416 verberavit,
759 4338 846 4404 fecto
880 4340 953 4426 pius
987 4345 1021 4404 et
1055 4340 1232 4404 sceleratus
1264 4340 1377 4404 eodem
1400 4339 1581 4406 existendo

532 4443 612 4507 Post
643 4442 713 4507 haec
744 4447 855 4507 sutem
886 4442 1025 4519 rediens,
1048 4448 1082 4507 et
1105 4442 1269 4529 principes
1300 4447 1433 4528 puratos
1455 4444 1582 4529 conspi-

567 4666 757 4731 ¹opportunum]
777 4673 933 4729 oportunum,
946 4664 1003 4714 MS.
1079 4670 1174 4712 turrito
1191 4664 1243 4713 this
1254 4666 1323 4714 word
1343 4663 1389 4714 hus
1408 4666 1470 4714 been
1483 4664 1581 4714 written

566 4745 978 4810 2111111111ιί11]1111111111111111111.
1005 4745 1034 4792 F.
1079 4745 1114 4808 by
1134 4743 1256 4793 ntatthew
1275 4744 1348 4792 Paris
1371 4760 1403 4792 on
1425 4761 1440 4793 a
1462 4744 1532 4808 piece
1556 4745 1587 4793 of

535 4828 606 4877 reads
618 4825 700 4885 verbu,
713 4840 741 4875 as
752 4824 794 4873 W.
807 4825 840 4874 A.
854 4825 882 4874 C.
895 4824 929 4872 1).
1080 4823 1174 4873 vellum
1192 4825 1280 4887 posted
1297 4839 1357 4873 over
1374 4839 1390 4872 a
1407 4839 1479 4888 space
1505 4825 1582 4890 origi-

569 4909 579 4936 ³
589 4906 709 4971 circuire]
729 4905 848 4964 circuere,
860 4904 917 4954 MS.
1056 4956 1058 4966 A
1079 4904 1150 4968 nslly
1161 4903 1206 4952 lest
1217 4904 1301 4952 blank.

570 4988 578 5016 ⁴
591 4987 616 5035 in
627 4984 749 5049 archiis]
770 4983 811 5035 On
822 4999 855 5033 an
867 4997 974 5033 erasure.
1114 4983 1281 5047 'promptum
1295 4982 1333 5032 At
1342 4984 1584 5050 firstwrittenprom·

571 5065 782 5131 Ξ11])11111111111111]
795 5063 1036 5129 oportunitatem.
1082 5070 1137 5110 tum.

571 5146 860 5212 ῃ111111]’11111111111111
872 5143 1035 5209 compromise·
1056 5189 1058 5200 ,
1114 5143 1184 5207 ⁸r2i]
1204 5141 1349 5193 Interlined.
