4442 6392
627 1186 670 1251 62
745 1196 911 1249 nemum
935 1192 1560 1249 raa1s1ans1snrsroanausrosou.

456 1380 525 1434 AJ).
541 1391 612 1436 roso.
624 1373 758 1450 vadens,
783 1395 895 1438 omnes
924 1377 1029 1437 morte
1063 1371 1202 1458 peremit
1233 1370 1433 1458 dignissima.
1479 1371 1528 1433 At
1560 1369 1677 1434 Petrus

458 1473 562 1539 {Nota
625 1475 695 1541 haec
717 1476 828 1540 omnia
850 1472 983 1562 penitus
998 1474 1162 1559 ignoraus,
1178 1476 1218 1538 ut
1239 1470 1297 1559 qui
1319 1478 1520 1559 praeeuntem
1536 1472 1678 1537 ducebat

451 1548 592 1674 affl,
627 1579 816 1655 exercitum,
840 1578 920 1642 dum
943 1599 1002 1664 per
1024 1576 1189 1663 quendam
1212 1580 1345 1662 raptum
1367 1597 1451 1661 equo
1473 1573 1677 1640 velocissimo

454 1683 736 1756 “mmlercasum
766 1678 992 1767 cognovisset,l
1025 1681 1065 1746 de
1095 1679 1231 1744 oonsilio
1261 1700 1395 1744 suorum
1417 1679 1491 1743 ilico
1521 1698 1678 1754 reversus,

453 1756 581 1858 wad*
625 1783 764 1848 fratrum
787 1785 1059 1871 interemptorum
1090 1782 1207 1849 funera
1227 1804 1295 1847 non
1326 1781 1396 1847 sine
1429 1781 1572 1847 lacrimis
1602 1802 1679 1846 con-

454 1876 520 1926 m-
624 1887 742 1973 spexit,
758 1887 839 1952 scire
862 1885 996 1973 cupiens
1019 1907 1093 1972 quae
1116 1891 1201 1951 essct
1216 1907 1314 1950 causa
1335 1890 1441 1950 tantae
1463 1883 1676 1949 infelicitatis.

624 1989 735 2055 Missis
756 1988 861 2076 igitur
890 1989 1007 2076 legatis
1029 1989 1072 2054 ad
1095 1989 1234 2074 majores
1256 1988 1412 2066 civitatis,
1429 1985 1677 2073 cognoverunt²

622 2093 680 2177 qui
718 2093 849 2157 fuerant
886 2092 987 2171 missi,
1023 2091 1118 2177 justa
1154 2091 1385 2176 indignatione
1422 2090 1542 2155 factam
1575 2089 1676 2156 fuisse

621 2195 837 2274 seditionem
863 2195 919 2260 sed
944 2194 1164 2280 quorumdam
1185 2193 1431 2280 peregrinorum
1463 2214 1546 2257 ausu
1573 2199 1675 2258 teme-

621 2298 709 2362 rario
723 2298 808 2384 legio
831 2298 904 2362 tota
929 2295 1095 2362 concitata
1121 2302 1179 2374 est,
1203 2302 1243 2360 ut
1268 2296 1425 2381 injuriam
1448 2318 1547 2381 quam
1562 2302 1674 2382 pertu-

622 2398 731 2465 lerant
754 2400 969 2466 vindicarent
1016 2396 1124 2464 Erant
1150 2402 1263 2463 antem
1284 2397 1351 2463 viri
1373 2399 1469 2483 quasi
1494 2399 1593 2477 mille,
1616 2396 1842 2490 quiRogwend

621 2501 665 2567 ad
687 2502 772 2568 hanc
793 2506 1011 2590 proruperant
1032 2502 1262 2577 temeritatem,
1282 2507 1418 2588 propter
1435 2524 1516 2589 quos
1538 2503 1673 2590 quidam
1725 2493 1752 2531 ¹¹·
1764 2485 1804 2532 ⁶⁸·

622 2624 664 2668 ex
686 2605 822 2670 urbanis
845 2606 976 2692 egressi,
990 2603 1116 2670 bellum
1138 2604 1256 2690 ingens
1269 2623 1351 2687 cum,
1367 2605 1573 2670 nostratibus
1587 2627 1673 2671 com-

621 2707 790 2772 miserunt.
846 2708 976 2773 Deinde
1008 2708 1096 2773 cives
1127 2706 1300 2793 patefactis
1323 2707 1432 2772 valvis
1454 2713 1671 2794 erumpentes,

621 2810 819 2896 quingentos
842 2831 885 2875 ex
906 2810 1030 2875 nostris
1059 2830 1160 2896 super
1190 2813 1324 2894 pontem
1354 2809 1574 2892 trucidarunt,
1600 2811 1674 2876 reli·

622 2913 695 2997 quis
727 2934 820 2998 paene
854 2912 1015 2991 omnibus,
1048 2913 1137 2977 vada
1169 2913 1408 3000 ignorantibus,
1444 2915 1675 2979 miserabiliter

620 3015 805 3080 submersis.
850 3016 1025 3081 Exercitus
1047 3020 1160 3080 autem
1177 3016 1275 3095 Petri,
1297 3021 1428 3081 tantam
1450 3038 1584 3083 suorum
1607 3038 1675 3083 non

620 3114 726 3182 sarens
764 3115 929 3202 injuriam,
963 3117 1007 3182 ad
1042 3139 1134 3182 arma
1167 3116 1364 3205 generaliter
1397 3122 1596 3202 convolant3
1630 3125 1675 3201 et,

621 3219 873 3305 confligentibus
905 3221 994 3285 inter
1024 3241 1058 3286 se
1088 3221 1285 3307 agminibus,
1308 3222 1496 3288 ceciderunt
1518 3244 1561 3289 ex
1584 3244 1675 3310 pere—

620 3322 725 3409 grinis
749 3324 842 3409 quasi
865 3323 976 3389 decem
998 3323 1092 3388 milia
1113 3324 1269 3389 virorum.
1315 3324 1361 3390 Et
1376 3327 1464 3390 Petri
1491 3327 1673 3392 Heremitae

620 3425 758 3510 pecunia
780 3431 853 3491 tcta
876 3449 896 3491 a
919 3426 1072 3513 Bulgaris
1104 3433 1203 3513 capta
1235 3440 1294 3507 est,
1317 3434 1447 3493 retento
1474 3429 1544 3513 ejus
1567 3451 1672 3504 curru,

620 3546 696 3591 cum
718 3529 870 3593 omnibus
892 3550 967 3614 quae
989 3528 1142 3594 habebat.
1201 3530 1266 3594 Die
1289 3537 1400 3595 autem
1424 3537 1551 3616 quarta,
1575 3532 1672 3596 recol·

620 3629 713 3696 lectis
745 3631 848 3695 viris³
881 3653 940 3718 per
972 3631 1086 3718 fugam
1118 3631 1245 3718 elapsis
1268 3634 1363 3717 quasi
1394 3634 1438 3698 ed
1463 3655 1545 3699 xxx.
1568 3634 1672 3716 milia,

619 3754 731 3798 rursus
754 3734 797 3797 ed
819 3733 885 3798 iter
905 3755 975 3799 sese
996 3735 1212 3822 accingentes,
1232 3735 1332 3813 viam,
1355 3736 1432 3802 licet
1455 3756 1531 3802 curn
1553 3759 1674 3825 magna

619 3835 822 3913 difficultate,
846 3837 1066 3917 continuant3
1098 3843 1140 3915 et,
1164 3842 1333 3903 maturato
1356 3838 1484 3916 itinere,
1510 3837 1672 3905 Constan-

451 3949 526 4015 They
534 3949 610 4000 resch
620 3939 797 4028 tinopolim
819 3945 1045 4026 pervenerunt.
1103 3941 1174 4006 Ubi
1197 3940 1316 4006 Petrus
1347 3943 1554 4028 imperatoris
1577 3943 1673 4008 collo-

452 4015 699 4148 ffiffinmdquio
725 4043 840 4120 fretus,
873 4064 947 4108 oum
978 4064 1036 4129 per
1071 4043 1140 4108 dies
1173 4043 1301 4129 aliquot
1334 4045 1514 4109 exercitum
1548 4044 1671 4110 ibidem

451 4151 573 4201 made
619 4151 803 4223 recreasset,
836 4165 878 4210 ex
911 4144 1056 4230 ejusdem
1088 4145 1297 4232 imperatoris
1329 4147 1495 4224 mandato,
1530 4148 1672 4213 transito

452 4216 608 4282 radespona.
620 4248 847 4336 Hellesponto,
879 4247 916 4312 in
945 4247 1139 4325 Bithiniam,
1171 4271 1246 4334 quae
1277 4250 1384 4336 prima
1406 4256 1458 4316 est
1479 4251 1569 4317 Asiae
1598 4268 1672 4337 pro·

618 4351 737 4431 vincia,
773 4351 1019 4417 descendeumt.
1074 4350 1204 4418 Deinde
1237 4353 1279 4418 ad
1312 4353 1419 4419 locum
1452 4376 1553 4441 supra
1582 4355 1672 4419 idem

618 4475 708 4520 mare
746 4455 858 4534 situm,
897 4454 951 4519 cui
987 4473 1109 4519 nomen
1145 4455 1308 4533 Oinitoth,
1346 4456 1526 4533 venientes,
1564 4461 1672 4523 castra

618 4557 736 4624 metati
758 4564 839 4623 sunt
861 4558 992 4623 ibidem.

621 4749 966 4757 ———-—-—-----.-
979 4751 994 4757 -
1005 4751 1112 4757 -...-..-.
1122 4751 1172 4756 --.---
1187 4752 1508 4759 ----..........-.-..
1527 4751 1667 4760 ..-,-...

652 4860 830 4926 Ιοῳηουὶεεει]
850 4861 1017 4918 connovisset.
1029 4861 1085 4913 MS.
1166 4860 1189 4909 is
1208 4862 1298 4923 added,
1319 4862 1345 4911 in
1366 4861 1409 4911 the
1426 4863 1542 4928 margin;
1563 4865 1609 4913 but
1619 4863 1670 4914 this

650 4942 660 4970 ²
672 4940 844 5005 conticuerunt]
857 4949 1052 5005 congnoverunt,
1062 4940 1120 4990 MS.
1165 4941 1277 4990 addition
1290 4942 1352 5007 only
1364 4943 1473 4993 disturbs
1484 4944 1527 4993 the
1538 4960 1617 4994 sense.

649 5022 659 5051 ¹
670 5020 745 5085 uiris]
760 5018 835 5071 noer
845 5019 896 5069 this
907 5021 977 5071 word
988 5036 1019 5070 ao
1028 5017 1121 5069 viribus
