4442 6392
628 1110 1562 1190 nwmmmmmmfflfflaw

511 1305 549 1364 ut
564 1300 681 1386 coeptis
696 1302 895 1383 insisterent,
912 1302 1094 1388 imperavit.
1142 1303 1288 1367 Reverso
1310 1301 1420 1386 itaque
1443 1301 1562 1365 atrlntc
1576 1317 1644 1372 AD.
1662 1324 1724 1371 1158

509 1402 651 1480 domum,
676 1408 711 1469 et
737 1403 810 1489 jam
844 1426 918 1470 oum
949 1409 1117 1470 conventu
1145 1404 1189 1469 ad
1216 1404 1394 1490 prandium
1417 1403 1562 1481 sedente,

508 1504 678 1591 legebatur
701 1506 809 1591 passio
824 1506 915 1573 beati
937 1506 1209 1594 marti1·is,quem
1233 1505 1437 1591 ‹luaurebant
1453 1511 1487 1571 ct
1511 1528 1561 1571 so-

487 1592 632 1673 'oiorum
656 1607 811 1693 ejusdem,
834 1631 1015 1697 perquam
1038 1609 1145 1675 carnis
1167 1607 1333 1695 ergastulo
1356 1608 1465 1690 soluti,
1489 1630 1563 1695 pro-

509 1712 702 1777 rneruenmt
723 1711 864 1799 gloriam
894 1712 1137 1800 sempiternam,
1186 1712 1276 1776 Dum
1306 1709 1411 1798 igitur
1433 1711 1564 1776 saevitia

504 1811 635 1898 judicis,
658 1813 811 1881 lictorum
826 1814 1025 1894 immanitas,
1043 1813 1217 1880 martirum
1235 1813 1409 1901 patientia,
1426 1819 1460 1878 et
1476 1834 1564 1878 mors

341 1914 671 2007 ltqg.wend.prolixius
699 1917 840 1983 recitata
868 1914 940 2004 pias
973 1920 1100 1983 mentes
1131 1923 1313 1983 conventus
1342 1915 1378 1980 in
1409 1914 1507 2002 fletus
1530 1919 1565 1979 ct

373 2011 400 2045 ¹¹·
411 2002 467 2047 ³⁹⁵·
510 2018 650 2105 suspiria
673 2019 912 2100 commovisset,
936 2019 1072 2086 beatum
1095 2018 1334 2107 Amphibalum
1358 2040 1433 2084 cum
1455 2017 1564 2083 tribus

509 2121 604 2187 sociis
626 2122 694 2188 suis
716 2128 882 2211 repertum
905 2144 1076 2188 accurrens
1098 2123 1218 2209 aliquis
1247 2119 1427 2187 nunciavit.
1475 2120 1563 2201 Quid

509 2225 609 2310 ergo?
655 2224 804 2312 Suspiria
818 2227 991 2290 mutantur
1012 2223 1049 2289 in
1069 2224 1193 2303 laudes,
1208 2230 1243 2291 et
1267 2223 1415 2290 tristitie
1439 2245 1562 2288 succes-

510 2325 554 2391 sit
576 2326 705 2393 laetitiae
728 2326 930 2415 magnitudo.
978 2325 1191 2416 Exsurgens¹
1209 2350 1287 2415 ergo
1309 2351 1329 2392 a
1351 2349 1465 2393 mensa
1487 2348 1563 2391 con-

508 2430 669 2517 gregatio,
687 2429 730 2495 ad
756 2427 925 2496 ecclesiam
949 2429 1150 2498 festinanter
1172 2430 1329 2518 procedit,
1353 2434 1387 2495 et
1409 2428 1564 2495 laetitiam

510 2531 615 2596 cordis
641 2537 832 2621 conceptam
854 2532 991 2598 elevatis
1024 2533 1178 2599 laudibus
1193 2520 1196 2537 ¹
1210 2530 1460 2621 protestatur?2
1507 2530 1564 2595 In-

510 2638 629 2699 ventus
653 2639 703 2700 est
724 2640 837 2701 autem
860 2634 979 2702 beatus
994 2636 1112 2701 martir
1126 2635 1349 2723 Amphibalus
1370 2634 1459 2699 inter
1482 2633 1564 2699 duos

510 2735 612 2802 socios
642 2737 771 2803 medius
810 2745 844 2804 et
882 2735 1102 2804 collateralis³
1141 2738 1311 2817 ambobus,
1346 2737 1445 2803 tertio
1476 2735 1564 2802 socio

509 2838 601 2924 quasi
623 2861 665 2905 ex
688 2845 875 2906 transverso
907 2846 941 2906 et
975 2839 1017 2906 ab
1052 2840 1203 2927 opposito
1236 2840 1345 2906 locum
1378 2838 1563 2904 solitarium

508 2946 694 3029 occupante.
741 2943 876 3009 Inventi
892 2948 972 3008 sunt
994 2949 1106 3011 autem
1134 2966 1234 3032 prope
1254 2942 1361 3009 locum
1384 2941 1479 3006 illum
1503 2964 1565 3005 nu-

510 3067 598 3110 mero
621 3068 679 3112 sex
702 3068 744 3111 ex
767 3046 862 3113 sociis
885 3046 961 3125 suis,
977 3046 1101 3112 scilicet
1124 3046 1299 3112 martirum
1322 3045 1564 3132 praedictorum,

508 3146 557 3212 ita
580 3149 668 3234 quod
690 3148 807 3214 beatus
829 3139 946 3213 martir
960 3146 1181 3235 Amphibalus
1204 3148 1349 3214 decimus
1370 3146 1564 3213 habebatur.

509 3248 603 3315 Inter
616 3251 771 3338 reliquias
786 3256 898 3317 autem
914 3250 1072 3316 athletae⁴
1089 3251 1215 3318 Christi
1230 3250 1424 3338 Amphibali
1440 3248 1564 3315 cultelli

508 3353 573 3418 duo
604 3354 716 3441 magni
747 3354 878 3420 inventi
909 3354 1054 3432 fuorunt,
1087 3376 1175 3419 unus
1205 3355 1242 3418 in
1267 3357 1357 3418 testa
1387 3351 1506 3439 capitis
1528 3356 1564 3417 et

508 3454 593 3520 alter
615 3456 701 3522 circa
730 3455 916 3542 praecordia.
963 3455 1060 3535 Quod
1091 3455 1128 3519 in
1159 3455 1270 3520 libello
1300 3454 1461 3542 passionis
1483 3453 1562 3539 ejus,

508 3555 629 3644 scripto
645 3556 791 3642 antiquis
806 3556 1017 3643 temporibus,
1034 3553 1247 3622 continetur.⁵
1292 3555 1343 3621 Ut
1359 3554 1447 3620 cnim
1463 3555 1565 3620 habet

510 3658 669 3745 passionis
692 3659 761 3745 ejus
785 3665 907 3736 textus,
932 3656 990 3724 atii
1012 3658 1236 3725 occubuerunt
1257 3658 1376 3746 gladiis
1400 3657 1482 3735 caesi,
1500 3657 1563 3735 ‚alii

489 3760 630 3835 ,lanceis
652 3760 921 3842 transverberati,
937 3760 995 3827 alii
1018 3760 1207 3847 decapitati.
1254 3761 1329 3847 Ipsc
1353 3783 1430 3827 vero
1445 3758 1564 3826 martir

508 3864 736 3951 Amphibalus,
772 3866 878 3952 primo
912 3865 1085 3952 patefactis
1107 3870 1143 3930 ct
1177 3865 1349 3931 intestinis
1383 3864 1504 3950 ejectis,
1529 3869 1564 3929 ct

509 3973 584 4053 post
614 3968 735 4032 lanceis
771 3968 937 4033 confossus
980 3973 1014 4033 et
1055 3968 1208 4045 cultellis,
1244 3968 1399 4033 occubuit
1426 3967 1562 4032 tandem

506 4068 671 4156 lapidibus
697 4076 952 4158 conquassatus3
984 4069 1072 4135 undo
1103 4070 1235 4135 nullum
1269 4069 1336 4136 fore
1372 4092 1414 4135 ex
1437 4069 1563 4135 ossibus

506 4171 577 4257 ejus
599 4172 767 4258 integrum
785 4173 976 4260 apparebat,
998 4195 1073 4238 cam
1096 4174 1256 4240 sociorum
1280 4173 1350 4260 ejus
1373 4194 1445 4239 ossa
1460 4171 1563 4238 illaesa

508 4273 642 4360 ponitus
664 4275 863 4341 extitissent.

512 4449 838 4458 --——-———-·--—.
849 4452 905 4458 --....
923 4453 936 4458 -
955 4453 974 4458 -.
986 4453 1005 4459 .-
1030 4453 1081 4460 m...
1093 4451 1127 4457 ...-
1141 4452 1162 4457 .,
1200 4452 1202 4455 .
1239 4452 1243 4456 .

539 4535 546 4567 '
561 4534 719 4600 Excerpens]
738 4534 879 4599 Exurgem,
888 4534 945 4586 MS.
1028 4548 1031 4558 ·
1053 4536 1134 4585 added
1146 4534 1173 4583 in
1185 4534 1259 4594 Eud,
1271 4533 1339 4598 apud
1352 4533 1470 4583 Sanctum
1483 4531 1559 4583 Alta·

489 4618 492 4625 '
538 4618 548 4646 '·'
557 4613 722 4680 protestatur]
737 4620 915 4678 protestantur,
927 4614 983 4664 Ms.
1029 4609 1031 4616 ’
1054 4631 1117 4674 aura,
1127 4615 1173 4663 but
1185 4612 1291 4662 without
1301 4629 1351 4676 any
1363 4612 1477 4662 sanction
1494 4612 1558 4661 from

539 4679 1558 4758 ³wmfflmffissmmmmmwm

542 4772 668 4838 ¹celticae]
688 4772 794 4834 adletha,
806 4772 872 4832 Ma,
884 4772 934 4821 and
946 4787 973 4821 so
985 4771 1011 4820 in
1028 4745 1031 4812 t
1053 4770 1134 4820 editor
1149 4770 1179 4819 of
1200 4770 1352 4830 Wendover,
1374 4770 1401 4818 ii.
1423 4775 1481 4827 395,
1502 4770 1558 4819 who

506 4854 549 4905 W.
559 4854 594 4903 A.
607 4852 678 4904 01).
1029 4847 1031 4852 ’
1054 4859 1142 4913 quotes
1159 4849 1281 4899 Matthew
1293 4849 1367 4899 Paris
1378 4865 1406 4900 ae
1417 4849 1460 4900 thu
1472 4850 1559 4900 autho*

540 4933 708 4998 5εοηῑιίιετιιν]
730 4932 804 4982 aaa
826 4930 876 4982 this
898 4929 968 4980 word
990 4928 1032 4984 is¹
1053 4928 1104 4993 rity
1116 4929 1155 4978 for
1165 4928 1218 4979 this
1229 4928 1359 4979 assertion.
1464 4987 1469 4993 ,
