4442 6392
643 1150 707 1212 112
761 1163 928 1211 uarrnnr
951 1161 1165 1212 ruarsmusrs
1188 1161 1353 1211 nrsronra
1377 1160 1575 1212 suetonum

471 1345 541 1398 Ab.
558 1351 629 1397 roae.
643 1357 717 1400 eum
740 1337 943 1402 militaribus
967 1336 1069 1423 copiis
1093 1335 1236 1402 infinitis
1260 1342 1338 1402 ante
1356 1337 1472 1402 urbem
1494 1341 1603 1402 eastra
1628 1357 1695 1399 me-

472 1439 600 1518 ⁸i⁸¹¹⁸2br
643 1445 746 1520 tatus,
760 1462 781 1504 a
804 1444 901 1526 porta
925 1438 1082 1504 orientali
1107 1460 1211 1526 usque
1235 1439 1278 1504 ad
1303 1440 1538 1504 oeeidentalem
1564 1439 1697 1503 univer·

472 1521 554 1637 {igin
562 1505 605 1556 ure
643 1565 716 1608 sum
747 1542 890 1607 australe
919 1543 1007 1606 latus
1047 1541 1218 1607 obsidione
1248 1542 1399 1607 vallavit.
1467 1541 1550 1606 Erat
1582 1545 1694 1607 autem

642 1667 734 1710 seem
748 1649 879 1732 portam
894 1644 1085 1709 orientalem
1103 1644 1294 1731 praesidium
1317 1645 1493 1730 quoddam,
1507 1644 1596 1729 quod
1612 1643 1695 1708 Boa-

642 1747 767 1813 mundo
796 1747 1006 1813 commissum
1042 1747 1153 1811 fuerat
1181 1747 1225 1811 ud
1254 1745 1525 1812 custodiendum.l
1599 1744 1695 1811 cirea

642 1849 732 1936 quod
754 1871 829 1915 eum
851 1849 961 1914 hostes
987 1854 1095 1913 eastra
1119 1848 1288 1926 loeassent,
1312 1854 1347 1913 et
1370 1848 1513 1913 assultus
1538 1847 1693 1913 ereberri-

470 1966 603 2018 Boamund
643 1974 714 2018 mos
751 1952 876 2018 ibidem
913 1952 1066 2031 facerent,
1100 1951 1315 2016 Boamundus
1345 1973 1413 2016 non
1443 1952 1551 2017 ferens
1581 1973 1692 2017 eorum

470 2035 599 2153 ffifflbsst
642 2055 852 2121 insolentiam
867 2077 1014 2142 egressus
1029 2060 1081 2120 est
1095 2060 1210 2120 eontra
1231 2076 1293 2119 eos.
1340 2054 1405 2118 Sed
1421 2054 1602 2140 egredienti
1616 2055 1692 2121 duei

470 2167 492 2215 is
505 2117 594 2219 diiven
640 2159 782 2224 obcurrit
812 2159 1015 2223 Turehorum
1044 2157 1235 2235 multitudo,
1261 2178 1401 2242 quorum
1432 2156 1595 2243 impetum
1622 2157 1691 2221 dux

470 2235 542 2285 back.
639 2262 781 2348 perferre
810 2283 878 2326 non
902 2261 1025 2338 valens,
1052 2260 1139 2325 inita
1170 2260 1259 2347 fuga,
1283 2283 1317 2325 se
1348 2260 1471 2347 recepit
1495 2261 1532 2323 in
1557 2259 1690 2337 urbem3

638 2364 696 2429 ubi
729 2363 882 2429 hostibus
915 2368 1067 2450 proterve
1101 2361 1315 2442 instantibus,
1340 2362 1419 2427 dum
1453 2361 1548 2450 plebs
1580 2364 1618 2426 in
1639 2362 1689 2426 in·

637 2467 743 2533 troitn
764 2466 910 2553 praesidii
932 2467 1213 2552 comprimeretur,
1243 2465 1379 2531 ducenti
1413 2487 1456 2530 ex
1489 2464 1537 2530 eis
1568 2464 1860 2544 cecide-Rqawenu

636 2576 723 2635 runt.
769 2570 888 2635 Altera
909 2591 988 2635 vero
1010 2570 1082 2634 vice
1105 2568 1203 2633 Turoi
1227 2569 1394 2653 quoddam
1424 2568 1617 2654 praesidium
1647 2568 1688 2634 de
1734 2548 1760 2586 η’
1775 2539 1831 2587 ¹¹³¹

636 2694 725 2738 nova
754 2677 978 2738 constructum
1001 2672 1121 2737 aeriter
1142 2670 1350 2750 invadentes,
1373 2671 1438 2736 nisi
1468 2672 1511 2736 ab
1533 2671 1605 2747 hiis,
1629 2672 1688 2758 qui

638 2775 674 2839 in
696 2776 777 2840 urbe
800 2779 903 2853 erant,
927 2775 1026 2840 citius
1048 2773 1288 2851 subveniretur,
1312 2773 1394 2839 illud
1417 2774 1611 2860 quantocius
1632 2796 1689 2839 ex-

469 2899 572 2961 Robur,
638 2878 863 2964 pugnassent.⁹
909 2877 974 2942 Sed
1005 2876 1205 2941 adveniente
1239 2876 1391 2955 Roberto,
1421 2877 1687 2942 Normannorum

469 2967 574 3082 Q¹¹¹oe⁰s
584 3035 601 3083 d
640 2981 729 3057 duce,
764 2981 807 3045 ad
836 2980 942 3045 instar
972 2979 1123 3045 draconis
1158 2979 1269 3064 ignem
1294 2979 1485 3063 jaculantis,
1516 3001 1591 3045 eum
1620 2981 1709 3044 auis·

470 3049 626 3150 in‘ffi-y'
640 3081 836 3170 agminibus,
870 3083 1020 3169 pluribus
1043 3103 1086 3146 ex
1116 3080 1268 3146 hostibus
1291 3080 1500 3169 interemptis
1522 3090 1557 3147 et
1586 3083 1689 3169 eapti·

469 3169 580 3286 Ἓξθᾝ
640 3185 738 3264 vatis,
752 3185 899 3249 residuos
914 3190 1007 3271 terga
1030 3185 1107 3249 dare
1131 3184 1245 3270 coegit.
1291 3183 1369 3248 Alia
1383 3206 1512 3270 quoque
1536 3184 1599 3262 die,
1614 3206 1688 3249 eum

469 3249 596 3366 immae
640 3287 737 3352 Turei
760 3287 894 3373 quidam
923 3292 1054 3352 nostros
1075 3287 1119 3352 ad
1149 3286 1339 3351 conflictum
1365 3292 1589 3374 provocarent,
1615 3308 1690 3352 eon-

639 3389 720 3477 tigit
741 3397 781 3455 nt
804 3412 846 3454 ex
869 3390 961 3475 equis
983 3390 1224 3467 descendentes,
1240 3389 1281 3455 iis
1296 3390 1352 3475 qui
1374 3390 1411 3454 in
1435 3411 1529 3454 muro
1553 3390 1689 3455 stabant

638 3492 745 3557 aerius
774 3493 947 3570 instantes
985 3493 1027 3557 ad
1057 3493 1242 3557 vindictam
1280 3492 1363 3557 alios
1396 3493 1594 3558 excitarunt
1639 3493 1689 3557 At

638 3595 825 3659 Taneredus
846 3616 905 3681 per
935 3600 1065 3681 portam
1096 3594 1291 3659 orientalem
1322 3617 1477 3683 egressus,
1508 3601 1687 3680 antequam

637 3696 749 3762 hostes
772 3697 815 3762 ad
841 3718 941 3782 equos
966 3703 1100 3784 possent
1130 3696 1250 3762 babere
1280 3719 1458 3780 recursum,
1489 3720 1548 3763 sex
1577 3698 1687 3764 exeis

637 3797 815 3880 interemit,
843 3799 958 3866 ceteris
980 3822 1038 3886 per
1061 3799 1175 3887 firgam
1199 3799 1328 3886 elapsis.

638 4149 687 4216 De
714 4150 864 4238 flagellis
886 4152 961 4232 Dei,
992 4175 1066 4240 qua
1085 4153 1512 4242 praeadamitarum,
1540 4155 1686 4241 percotis

1052 4260 1269 4347 eeiqenabes.

470 4419 586 4502 Inuera
600 4421 630 4471 of
686 4406 801 4473 Orevit
815 4408 942 4474 interea
956 4409 993 4473 in
1007 4409 1145 4476 civitate
1159 4410 1261 4476 fames
1275 4412 1480 4490 miserabilis,
1496 4418 1531 4479 et
1545 4414 1686 4501 populus
1696 4423 1858 4491 Roaweua

469 4487 595 4623 ἓξὲξ
639 4510 734 4595 gravi
764 4533 863 4598 supra
893 4512 1028 4576 modum
1058 4513 1169 4578 inedia
1197 4513 1407 4602 fatigabatur.
1466 4515 1605 4581 Factum
1636 4524 1686 4582 est

638 4617 750 4676 autem
774 4613 843 4692 hoe,
870 4614 1080 4700 exigentibus
1102 4617 1245 4703 peoeatis
1267 4617 1461 4704 aliquorum,
1477 4619 1533 4704 qui
1553 4619 1590 4683 in
1614 4620 1685 4684 des-

671 4941 882 5011 ‘ratmundum
901 4945 939 4994 At
960 4945 1015 4997 first
1035 4945 1137 4996 written
1218 4948 1431 5016 ²erpu9aussent]
1472 4958 1684 5016 expungnarent,

637 5021 672 5071 ad
682 5021 831 5083 οιιεωάὶειιηι,
842 5026 888 5074 but
899 5024 981 5076 thiais
992 5026 1137 5078 euasurus
1184 5029 1240 5080 MS.
1258 5079 1260 5083 .

636 5104 783 5166 expuneted.

1731 4493 1826 4546 istra.
1922 4517 1926 4523 ·
