4442 6392
530 1164 578 1216 un
598 1164 758 1217 rannone
779 1164 882 1217 uuors
904 1165 1078 1217 mrrrrnr
1100 1165 1260 1234 saeuum,
1283 1167 1350 1219 rra
1374 1169 1468 1221 surr.
1516 1157 1578 1252 161

528 1338 677 1426 partibus
708 1340 930 1428 circumsepta.
987 1339 1076 1406 Nam
1110 1341 1153 1407 ab
1186 1340 1312 1407 oriente
1335 1340 1455 1407 vallam
1478 1341 1661 1409 habetnn.
1675 1363 1747 1412 ross.

527 1441 700 1530 Josaphat,
723 1444 760 1509 in
782 1443 874 1531 cujus
897 1443 963 1510 imo
986 1444 1052 1509 sita
1072 1448 1124 1509 est
1146 1443 1282 1509 ecclesia
1304 1442 1368 1510 Dei
1391 1444 1578 1526 Genitricis,

527 1543 586 1611 ubi
608 1545 738 1633 sepulta
759 1545 834 1624 fuit,
856 1550 892 1613 ot
923 1546 1102 1634 gloriosum
1136 1541 1217 1633 ejus'
1237 1551 1443 1613 monstratur
1473 1549 1580 1635 sepul-

527 1647 663 1729 chrum3
692 1648 754 1714 sub
788 1669 855 1735 qua
886 1653 938 1714 est
968 1653 1095 1715 torrens
1120 1647 1259 1726 Cedrou,
1290 1670 1332 1714 ex
1361 1649 1457 1735 aquis
1487 1655 1580 1716 ortus

462 1748 470 1766 ‘
527 1751 736 1836 pluvialibus,
760 1751 802 1817 de
833 1772 898 1837 quo
931 1751 1060 1827 dicitur,
1093 1749 1278 1840 “Egressus
1310 1750 1454 1817 Jhesus¹
1486 1757 1580 1818 trans

526 1857 709 1919 torrentem
747 1851 927 1929 Oedron,”⁹
965 1859 1025 1920 otc
1085 1853 1140 1919 Ab
1178 1858 1292 1919 austro
1328 1859 1441 1920 autem
1476 1854 1578 1921 habet

527 1955 648 2021 vallem
679 1954 807 2034 annon,
840 1955 1009 2042 praediotae
1040 1956 1121 2021 valli
1153 1956 1352 2043 contiguam,
1375 1978 1450 2043 quae
1480 1959 1578 2024 sortis

527 2056 704 2142 Benjamin
725 2063 760 2124 et
782 2057 875 2124 Juda
896 2057 962 2125 fuit
993 2058 1029 2124 in
1059 2058 1207 2124 funiculo
1231 2059 1485 2126 distributionis.
1532 2060 1578 2126 Et

525 2160 604 2225 inde
635 2181 670 2226 se
703 2160 833 2248 erigam
863 2160 907 2228 ad
932 2160 1092 2227 verticem
1122 2161 1254 2240 montis,
1290 2161 1348 2247 qui
1378 2166 1430 2227 est
1462 2169 1578 2228 contro

526 2261 682 2331 Beeunon
711 2263 755 2328 cd
784 2261 993 2341 occidentem,
1016 2263 1053 2328 in
1079 2284 1146 2349 qua
1168 2268 1219 2329 eet
1240 2262 1491 2343 Acheldemach,
1515 2265 1578 2330 hoo

524 2370 583 2445 est,
607 2387 685 2454 sger
706 2364 887 2452 sanguinis,
911 2370 1042 2451 emptus
1064 2365 1105 2432 de
1128 2365 1236 2452 pretio
1251 2364 1388 2431 Domini
1410 2365 1446 2430 iu
1469 2367 1576 2454 sepul-

524 2474 634 2534 turam
655 2468 909 2556 peregrinorum.
954 2467 1009 2534 Ab
1032 2467 1200 2534 occidente
1215 2487 1294 2533 vero
1316 2466 1464 2554 ejusdem
1479 2469 1577 2535 vallis

523 2570 623 2636 lrsbet
645 2576 782 2657 partem,
805 2570 842 2635 in
864 2591 930 2656 qua
952 2569 1019 2636 situ
1040 2575 1092 2636 est
1113 2574 1211 2635 vetus
1233 2568 1369 2657 piscina,
1393 2591 1469 2657 quaa
1494 2572 1576 2638 eels-

523 2672 592 2738 bris
614 2673 679 2739 fuit
701 2672 905 2760 temporibus
927 2693 1042 2758 regum
1065 2671 1177 2754 Juda;
1209 2678 1244 2737 et
1265 2671 1344 2739 inde
1365 2672 1576 2759 protenditur

523 2776 566 2841 od
590 2777 750 2863 piscinam
774 2775 984 2864 superiorem,
1001 2798 1077 2863 quae
1101 2775 1302 2842 Potriarchae
1325 2775 1456 2854 dicitur,
1475 2777 1577 2863 juxto

522 2878 722 2944 cimiterium
755 2877 846 2965 quod
880 2884 930 2945 est
963 2878 1000 2944 in
1034 2878 1199 2966 spelunea,
1227 2899 1302 2965 quae
1324 2879 1576 2966 cognominatur

522 2980 648 3048 Leonis
706 2980 739 3046 A
770 2981 994 3068 septentrione
1016 3002 1094 3047 vero
1126 2981 1225 3069 plano
1251 2979 1372 3047 itinere
1394 2981 1437 3047 sd
1460 2982 1575 3049 urbem

523 3083 698 3164 acceditur,
722 3083 847 3169 inquo
873 3083 963 3150 locus
994 3088 1054 3161 est,
1085 3083 1144 3150 ubi
1175 3083 1414 3171 prothomartir
1437 3085 1576 3173 Stepha-

523 3207 586 3251 nus
607 3184 775 3272 lapidatus
798 3189 856 3251 est.

524 3443 573 3509 De
603 3442 772 3531 differitate
799 3442 1007 3534 pariterue
1033 3445 1319 3530 Jerosolimitoso',
1344 3456 1374 3514 et
1403 3449 1479 3516 sois
1508 3448 1576 3518 siti-

881 3546 1033 3635 conjecto
1051 3548 1216 3635 prelatio.

354 3693 572 3813 Ropwffltm
570 3692 763 3760 Patriaroha
805 3713 937 3780 quoque
975 3693 1075 3779 hujus
1116 3699 1240 3761 sanctae
1282 3695 1432 3763 civitatis
1476 3697 1577 3764 habet
1590 3709 1679 3763 Orthe

387 3761 484 3815 ¹¹¹⁵⁴
524 3795 612 3862 iiiior
635 3795 901 3883 archiepiscopos,
928 3816 1032 3861 unum
1061 3796 1302 3875 Caesariensem,
1325 3799 1428 3865 alium
1451 3801 1577 3885 Tyren·
1588 3777 1717 3895 orbiu-h

524 3921 603 3979 sem,
627 3899 765 3965 tertium
794 3898 1025 3977 Nazarensem,
1048 3904 1204 4017 quartum
1227 3921 1305 3966 vero
1336 3900 1576 3983 Petruoensem,
1588 3911 1664 3960 salem
1666 3912 1731 3969 ,sno

370 4012 413 4064 nl
427 4017 494 4064 aas
525 4001 561 4066 id
579 4008 637 4082 est,
654 4001 781 4067 Montis
795 4001 936 4088 Regalis.
976 4000 1173 4068 Primuat
1122 4007 1173 4068 est
1187 4002 1223 4067 iu
1237 4002 1371 4090 regione
1387 4003 1574 4082 Palestinae,
1566 3953 1719 4094 ffssffi„

353 4102 512 4220 1³03.th
525 4102 634 4169 alius
624 4125 660 4168 ru
675 4102 809 4190 regione
824 4103 998 4182 Phoenicis,
1013 4103 1132 4170 tertius
1149 4102 1294 4183 Galileae,
1308 4117 1447 4190 quartus
1461 4111 1573 4171 autem
1583 4109 1672 4174 Jeorro
1655 4109 1740 4162 ohim

386 4171 483 4223 5555·
522 4206 559 4270 in
581 4205 714 4293 regione
738 4205 969 4271 Moabitarum.
1015 4205 1226 4272 Oaesoriensis
1248 4205 1493 4294 suffraganeum
1515 4208 1573 4273 lra-

523 4309 578 4374 bet
595 4308 783 4396 episcopum
806 4306 1041 4388 Sebastenam
1063 4308 1207 4374 'lirensis
1229 4308 1452 4396 suffraganeos
1473 4309 1575 4377 habet

520 4409 687 4498 episcopos
724 4409 961 4491 Achonensem,
1001 4410 1237 4496 Sydonenaem,
1286 4411 1501 4492 Beritensem,
1539 4417 1573 4478 et

521 4512 773 4590 Beliuaoensem,
808 4533 882 4598 quae
913 4516 963 4578 est
995 4511 1143 4578 Caesarea
1177 4512 1341 4601 Philippi;
1379 4513 1413 4578 N
1415 4536 1574 4581 szsrenus

521 4614 620 4681 hebet
648 4614 899 4701 suffraganeum,
933 4613 1231 4699 Tyberisdensem;
1265 4613 1466 4683 Petraoensia
1482 4632 1574 4683 ¹vero

521 4737 624 4782 unum
658 4715 759 4782 hebet
787 4715 1040 4802 suffraganeum,
1073 4714 1225 4783 Graecum
1247 4717 1380 4795 scilieet,
1403 4720 1439 4784 in
1462 4726 1574 4786 monte

956 4901 1086 4911 .-...-....
1412 4904 1533 4910 ...-..-...
1554 4903 1563 4910 .

532 5010 657 5142 ζζὴἱειιε]
672 5011 707 5062 So
718 5012 780 5075 also,
791 5012 896 5080 rightly,
908 5012 1029 5076 w.1·‘,1.;
1047 5013 1093 5064 but
1104 5012 1132 5064 iu
1144 5013 1183 5063 ed.
1195 5010 1288 5064 Wend.
1300 5013 1361 5079 ejus,
1372 5029 1401 5064 ss
1411 5015 1437 5065 in
1449 5015 1484 5065 A.
1497 5015 1527 5066 C.
1539 5015 1572 5065 D.

572 5107 588 5142 o
607 5091 697 5143 ,xviii
712 5097 734 5144 1.

1418 5202 1439 5255 1.
