4442 6392
635 1155 700 1220 ato
758 1166 924 1217 narrum
947 1167 1160 1221 eanrsrsusrs
1184 1164 1347 1217 msromu
1371 1161 1573 1215 ansnonuu.

464 1447 534 1499 Al).
551 1452 621 1497 1188·
717 1436 998 1524 Distiupuuntur
1020 1433 1246 1520 cruccaipnnti
1269 1433 1412 1501 ‹li-cereta
1434 1435 1599 1503 museus.

464 1598 570 1676 ilsalso
681 1585 726 1651 Et
749 1586 863 1649 eodem
887 1589 1031 1670 tempore
1064 1604 1123 1647 rex
1147 1582 1350 1646 Francorum
1373 1582 1548 1669 Philippus
1571 1588 1605 1647 et
1628 1603 1689 1648 rex
1702 1589 1870 1672 llopweno.

464 1666 601 1780 {22ssssssss
634 1689 818 1776 Anglorum
852 1687 1016 1752 Henrieus
1050 1687 1085 1749 in
1126 1685 1330 1750 Normannia
1370 1708 1429 1771 pro
1467 1686 1687 1753 subventione
1728 1675 1757 1709 ¹¹'
1772 1667 1831 1713 ⁴²⁰·

465 1799 515 1848 and
526 1798 594 1862 ung·
634 1792 743 1856 Terrae
767 1790 897 1856 Sanctae
921 1790 963 1854 ad
987 1789 1183 1874 colloquium
1207 1788 1449 1864 convenientes,
1464 1788 1553 1852 inter
1576 1788 1688 1853 Trium

464 1865 594 1980 {fffflf‘l
633 1900 668 1958 ct
692 1892 884 1970 Gisorcium,
913 1896 987 1978 post
1020 1890 1136 1976 longos
1170 1895 1341 1970 tractatus,
1373 1895 1533 1978 praesente
1567 1891 1688 1956 comite

463 1997 591 2048 Frondem.
633 1995 828 2060 Flandreusi
860 1994 1021 2080 Philippo,
1055 1993 1092 2057 in
1127 1992 1189 2057 hoe
1219 1994 1344 2079 paritez·
1373 1999 1619 2072 consenserunt,
1649 2001 1689 2059 ut

633 2099 764 2173 scilicet,
797 2102 930 2183 sumpto
963 2097 1067 2161 crucis
1101 2096 1279 2182 signaculo,
1310 2096 1376 2161 iter
1401 2096 1689 2162 Jeroslimitanum

633 2202 797 2265 socialiter
838 2199 1042 2287 expedirent.
1104 2198 1178 2263 Rex
1215 2199 1319 2286 igitur
1359 2200 1543 2286 Anglorurn
1581 2198 1689 2285 primo

632 2326 758 2370 crucem
782 2304 924 2390 suscepit
947 2301 1156 2366 demonibus
1179 2302 1494 2389 archiepiscopomm
1518 2302 1689 2368 Remensis

632 2413 666 2473 et
690 2405 848 2470 Willelmi
882 2405 1035 2484 'lirensis
1060 2426 1199 2490 quorum
1231 2404 1370 2469 ultimus
1393 2428 1414 2469 a
1437 2405 1570 2470 domino
1601 2428 1687 2492 papa

632 2531 728 2596 suuper
744 2509 878 2595 negotio
894 2509 997 2573 crucis
1013 2507 1155 2572 officium
1171 2507 1348 2594 legationis
1362 2514 1547 2596 susceperat
1562 2508 1598 2572 in
1612 2530 1688 2595 par-

633 2611 724 2676 tibus
747 2611 931 2676 occidentis.
979 2608 1108 2674 Deinde
1135 2630 1194 2674 rex
1219 2609 1421 2675 Francorum
1446 2615 1481 2675 et
1505 2610 1685 2696 Philippus,
1698 2619 1866 2701 neuwend.

632 2736 739 2779 comes
774 2713 995 2789 Flandrensis,
1028 2733 1155 2777 erucem
1188 2718 1364 2788 sumentes,
1394 2712 1467 2777 aliis
1500 2712 1687 2799 exemplum
1734 2702 1760 2737 ¹¹’
1773 2694 1833 2742 ⁴²⁷·

632 2814 840 2904 potissimum
857 2816 1077 2902 praebuerunt.
1108 2814 1216 2892 Unde,
1232 2819 1304 2880 tam
1320 2815 1361 2880 de
1379 2815 1515 2902 imperio
1532 2838 1630 2900 quam
1647 2816 1687 2881 de

631 2925 771 3006 utroque
787 2941 890 3006 regno
914 2941 1027 3006 regum
1052 2919 1293 3004 praedictorum,
1316 2918 1557 3006 archiepiscopi,
1581 2918 1688 2998 duces,

631 3022 843 3102 marchiones,
869 3023 1015 3101 comites,
1029 3020 1177 3098 barense,
1206 3021 1328 3085 milites
1344 3026 1380 3085 et
1402 3022 1498 3099 cives
1515 3026 1548 3087 et
1571 3022 1689 3086 media

631 3145 748 3189 manus
771 3124 929 3200 homines,
950 3124 1135 3210 vulgusque
1165 3123 1386 3210 promiscuum
1408 3144 1536 3190 erucem
1563 3125 1688 3188 animo-

465 3240 521 3290 The
631 3226 700 3292 sins
731 3231 949 3313 susceperuut.
1008 3225 1181 3291 Provisum
1216 3231 1267 3292 est
1299 3226 1399 3291 etiarn
1431 3228 1519 3292 inter
1548 3249 1611 3304 ece,
1649 3233 1690 3292 ut

463 3309 594 3358 mmm
632 3351 743 3395 omnes
767 3329 807 3394 de
830 3351 931 3416 regno
947 3329 1150 3394 Francorum
1173 3351 1283 3394 muces
1306 3328 1432 3407 rubeas,
1457 3329 1496 3395 de
1520 3330 1617 3396 terris
1639 3352 1688 3395 re-

463 3383 576 3506 pdgppetto
631 3434 681 3518 gis
705 3433 888 3520 Anglcrum
915 3433 1014 3512 albas,
1038 3431 1078 3497 de
1101 3436 1190 3497 terra
1212 3454 1291 3498 vero
1323 3433 1453 3497 comitis
1477 3432 1690 3498 Flandrensis

462 3510 599 3626 fffiffssf
631 3559 739 3601 enices
755 3536 879 3601 virides
902 3536 1097 3620 bajularent.
1145 3535 1195 3600 De
1221 3534 1327 3614 tenis
1340 3541 1459 3614 autern,
1483 3533 1629 3600 catallis¹
1656 3541 1690 3601 et

463 3642 568 3693 colonis.
630 3639 729 3703 rebus
752 3638 913 3715 omnibua
930 3660 1033 3723 usque
1049 3643 1184 3724 peracta
1199 3636 1470 3725 peregrinatione,
1491 3643 1525 3703 et
1549 3638 1690 3724 quilibet

630 3764 742 3807 eorum
767 3743 802 3805 in
825 3754 915 3806 terra
945 3763 1004 3805 sura
1031 3742 1093 3811 xla.
1117 3739 1233 3806 diebus
1263 3763 1388 3806 moram
1420 3738 1555 3820 fecisset,
1579 3740 1690 3805 omnia

631 3850 739 3909 essent
763 3845 796 3908 in
821 3867 858 3908 eo
882 3849 982 3924 statu,
1007 3865 1072 3930 quo
1104 3843 1241 3910 fuerunt
1263 3844 1297 3909 in
1321 3843 1374 3909 die
1397 3844 1531 3930 quando
1560 3845 1705 3909 crucem

631 3951 849 4034 susceperunt.

634 4210 791 4296 (letaliter
814 4210 995 4291 Itiauulua,
1020 4233 1125 4278 conces
1148 4210 1368 4294 induamus,
1392 4210 1557 4279 creciacum
1579 4233 1685 4279 aarum

935 4337 958 4379 c
977 4321 1076 4400 putre
1100 4336 1161 4380 aare
1184 4312 1395 4381 alienaverit.

460 4470 585 4550 proceed—
677 4457 772 4522 Circa
794 4457 862 4521 dics
886 4455 1017 4523 eosdem
1048 4447 1227 4522 Gauhidus
1258 4457 1298 4522 de
1322 4455 1496 4534 LiziniacO,
1519 4458 1683 4543 quendam
1696 4473 1864 4540 Ropwene

462 4536 618 4654 ffiffiffl
631 4560 781 4638 Ricard0,
804 4559 916 4625 comiti
941 4559 1138 4639 Pictavensi,
1161 4557 1364 4639 familiarem,
1386 4560 1521 4626 structis
1544 4558 1682 4635 insidiis,
1728 4541 1756 4592 ¹¹·
1772 4549 1834 4599 ⁴2⁷·

462 4670 563 4735 against
631 4663 802 4729 interfecit.
860 4662 902 4727 In
936 4665 1024 4728 tanti
1056 4682 1135 4728 vero
1167 4662 1328 4728 ultionem
1360 4662 1473 4728 delicti
1504 4683 1609 4729 comes
1641 4663 1683 4727 ad

461 4736 594 4866 ἑζθῗξξξζ
630 4790 720 4832 anna
752 4771 957 4854 provocatur,
992 4767 1058 4846 sed,
1090 4770 1232 4854 acceptae
1266 4766 1371 4832 crucis
1403 4788 1470 4831 non
1505 4766 1684 4841 immemor,

461 4886 519 4919 nun.

653 4928 779 4935 ——.
791 4929 902 4935 ——-.-
915 4928 1339 4935 ...—-.—.———.-—---.
1385 4928 1484 4935 -..ι--
1501 4927 1674 4935 ------

662 5023 668 5051 ¹
681 5020 792 5088 corallia]
810 5021 926 5080 castellis,
943 5021 984 5073 W.
996 5021 1024 5079 1..
1037 5022 1080 5072 but
1093 5021 1187 5072 altered
1207 5023 1240 5086 by
1255 5020 1374 5072 hlulrlren
1387 5019 1460 5071 Paris
1479 5021 1587 5070 himself
1602 5023 1627 5070 in
1643 5022 1684 5075 A..

629 5103 678 5150 erud
692 5116 720 5149 so
732 5102 758 5149 in
772 5101 799 5149 Γ.
811 5100 842 5150 D.
853 5101 883 5151 F.
