4442 6392
664 1153 730 1215 456
806 1163 970 1213 uarrsm
994 1157 1207 1210 rnursmusrs·
1231 1156 1393 1207 msronm
1416 1151 1617 1205 morosum

497 1351 567 1402 Am.
583 1340 730 1405 naabus
760 1340 803 1405 ad
832 1359 945 1426 pacem
969 1333 1243 1412 commonuisset,¹
1268 1334 1331 1421 ipsi
1353 1332 1488 1398 tundam
1510 1351 1613 1418 rege&
1637 1351 1727 1418 ΡΜ·

418 1456 422 1461 ’
498 1441 639 1520 byrhsta-
669 1445 751 1508 stita
777 1444 937 1519 cautione,
956 1440 1165 1527 juraverunt,
1188 1436 1278 1524 quod
1299 1442 1427 1501 starent
1445 1434 1571 1519 judicio
1595 1433 1728 1497 Bituri-

498 1515 643 1633 mappa
670 1548 782 1624 censis,
799 1545 1072 1631 Rothomagensis
1086 1546 1122 1608 et
1137 1540 1383 1607 cantuariensis
1397 1537 1725 1623 archiepiscoporum,

501 1640 614 1718 cardinal
632 1640 719 1715 ⁰fita
742 1648 873 1725 scilicet,
896 1653 935 1712 ut
957 1648 985 1710 si
1009 1646 1083 1731 quis
1105 1666 1218 1710 eorum
1237 1643 1397 1720 deficeret,
1413 1662 1478 1726 quo
1500 1639 1612 1703 minus
1633 1637 1727 1702 inter

501 1707 614 1772 Anagm.
668 1774 723 1816 eos
750 1773 817 1838 pax
843 1748 948 1814 solida
973 1750 1171 1826 firmaretur,
1194 1751 1230 1811 et
1251 1746 1316 1810 iter
1337 1741 1643 1809 Jerosolimitanum
1666 1763 1725 1806 ex-

668 1854 843 1940 pediretur,
881 1853 917 1915 in
951 1830 1035 1925 dum,
1069 1856 1228 1934 tanquam
1267 1848 1301 1912 in
1341 1845 1522 1911 Dominicae
1552 1843 1657 1909 crucis
1688 1849 1725 1909 et
1737 1840 1915 1957 hpwffld·

669 1955 773 2019 totius
799 1954 997 2019 Christianae
1024 1951 1192 2038 religionis
1216 1949 1450 2026 subversorem,
1476 1945 1600 2010 domini
1626 1967 1725 2032 papae
1798 1915 1882 1962 '⁴³⁶'

668 2058 869 2122 senteutiam
899 2053 1248 2120 excommunicationis
1278 2049 1534 2138 promulgarent
1580 2048 1725 2113 Statim·

669 2182 733 2245 quc
763 2158 940 2224 cardinalis
970 2156 1168 2222 senteutiam
1199 2154 1279 2220 tulit
1309 2154 1345 2218 in
1375 2174 1496 2228 omnes,
1528 2156 1598 2216 tam
1630 2151 1726 2216 cleri·

669 2285 722 2328 cos
746 2283 846 2347 quam
873 2260 982 2341 laicos
1002 2281 1060 2345 per
1085 2281 1168 2344 quos
1192 2261 1297 2322 staret
1322 2277 1387 2342 quo
1409 2256 1519 2319 minus
1541 2276 1608 2341 pax
1630 2255 1727 2320 fieret

669 2365 757 2428 iuter
782 2383 882 2448 reges,
907 2361 1007 2444 salvis
1033 2360 1264 2426 tantummodo
1287 2380 1402 2444 regum
1428 2358 1573 2444 personis
1597 2378 1726 2421 eorum-

670 2464 753 2530 dem.
814 2463 1006 2548 Eodemque
1044 2467 1193 2548 tempore
1233 2461 1426 2527 transmissa
1455 2466 1506 2526 est
1534 2458 1749 2544 hujusmodi·

671 2567 809 2653 epistola
835 2565 1067 2630 Cantuariensi
1094 2560 1356 2651 archiepiscopo.2

717 2788 873 2877 Epistola
895 2788 973 2874 filii
996 2786 1217 2863 mistionis,
1248 2787 1289 2853 dc
1324 2786 1536 2875 oppressione
1562 2787 1671 2855 Terroe

1118 2888 1279 2956 Sarwtoe.⁸

507 3029 662 3082 mutuom
711 3021 942 3078 “Cantuuricnsi
961 3021 1180 3094 archiepiscopo
1196 3000 1364 3077 Baldeuiuo
1377 3022 1536 3090 conradus,
1551 3023 1629 3079 filius
1647 3041 1725 3078 mar·
1738 3013 1905 3094 Rus-Md·

506 3097 651 3149 0⁰¹¹¹⁸d⁰f
674 3106 786 3162 chionis
814 3105 850 3160 de
875 3105 1134 3170 Monte-Ferrum*
1160 3104 1294 3161 salutem.
1332 3106 1500 3162 Turbantur
1524 3107 1667 3162 elementa
1697 3113 1728 3163 at
1774 3097 1802 3133 ¹¹·
1812 3089 1872 3136 ⁴³⁶·

507 3163 596 3281 {¹323
608 3238 634 3281 ω
673 3190 822 3247 catholicae
841 3188 909 3245 fidei
927 3190 1095 3261 derogatur,
1112 3208 1180 3246 cum
1199 3190 1283 3246 sedas
1303 3190 1541 3246 Jerosolimitaua
1558 3192 1726 3264 apostolicus

508 3296 551 3347 the
561 3299 618 3362 ahp.
629 3298 660 3348 01
674 3275 734 3332 sedi
753 3274 944 3330 subtrahitur.
982 3273 1077 3329 Periit
1103 3274 1183 3328 enim
1208 3274 1393 3340 Jerosolima,
1414 3280 1445 3330 et
1467 3276 1575 3331 inertia
1601 3277 1727 3333 Christi·

509 3362 614 3413 Canter-
674 3377 795 3416 auorum
814 3377 831 3413 a
851 3358 1020 3413 Sarracenis
1044 3357 1189 3413 vilissime
1213 3364 1417 3429 pertractatur.
1454 3358 1579 3414 Fredant
1598 3378 1726 3433 namquo
1763 3365 1809 3416 rol.
1823 3367 1887 3420 751³.

507 3430 578 3496 ΜΨ·
674 3443 861 3499 Dominionm
892 3441 1089 3513 sepulchrum,
1122 3440 1279 3497 destruunt
1309 3441 1453 3498 Calrariae
1483 3443 1590 3509 locum,
1621 3445 1726 3501 natiri·

673 3534 764 3584 tatem
783 3526 895 3582 Christi
913 3531 1131 3596 contempnunt,
1151 3530 1181 3580 et
1199 3524 1291 3580 beatae
1309 3524 1445 3597 Virginis
1463 3526 1613 3584 eradicant
1631 3529 1728 3601 sepul·

673 3613 786 3668 chrum.
825 3609 915 3665 Sedes
941 3608 1263 3680 Constantinopolitana
1280 3608 1419 3665 Romame
1437 3610 1501 3666 sedi
1518 3611 1631 3667 nullam
1649 3613 1729 3668 exhi-

674 3697 724 3751 bot
744 3693 956 3757 reverentiam
982 3691 1187 3747 Anthiochena
1211 3691 1331 3764 quidem
1355 3693 1489 3749 laborare
1512 3694 1674 3751 dinoscitur
1697 3697 1730 3752 in

675 3778 822 3835 extremis.
861 3777 935 3832 Haec
961 3783 1059 3832 autem
1085 3776 1183 3831 omnia
1210 3776 1447 3832 Christianorum
1474 3784 1588 3835 constat
1615 3779 1730 3836 desidia

676 3862 842 3933 contigisse.
880 3859 1022 3932 Lngeuda
1049 3866 1095 3915 est
1126 3860 1230 3916 civitas
1259 3861 1425 3916 Jerusalem
1450 3868 1537 3935 atque
1560 3864 1730 3936 lugubriter

676 3945 869 4009 lamentanda,
898 3963 963 4016 qum
991 3945 1053 4000 suis
1082 3944 1246 4000 cultoribus
1275 3946 1408 4018 spoliata,
1437 3947 1488 4002 ubi
1514 3948 1652 4005 Christus
1676 3968 1731 4021 per

676 4030 763 4085 horas
782 4029 841 4084 diei
860 4045 893 4084 ac
911 4028 1005 4083 noctis
1025 4029 1199 4084 constitutas
1219 4028 1281 4084 Dco
1299 4029 1441 4086 cantando
1460 4037 1490 4087 ct
1509 4032 1618 4088 orando
1636 4035 1731 4089 samu·

677 4115 801 4177 labatur,
822 4131 908 4177 nunc,
928 4111 1121 4184 prohdolor!
1141 4113 1327 4169 Machometh
1354 4115 1469 4171 excelsu
1484 4134 1556 4172 voce
1582 4118 1729 4184 laudatur,

678 4198 784 4253 ritibus
810 4196 923 4268 polluta
948 4197 1139 4252 Saraceuicis.
1176 4197 1291 4254 Vestrae
1315 4198 1408 4269 igitur
1435 4200 1604 4256 celsitudini
1626 4220 1753 4274 preces.

679 4300 745 4337 cum
764 4280 894 4335 lacrimis
912 4281 1033 4352 porrigo
1052 4281 1233 4348 commixtas,
1255 4282 1392 4353 quatinus
1413 4284 1613 4340 calamitatum
1630 4285 1731 4343 Terrae

1227 4444 1335 4453 ——.
1531 4448 1690 4456 .,-,,,,,-,-

718 4553 722 4581 ¹
737 4548 929 4615 corrrmonuirset]
949 4550 981 4600 In
1000 4549 1043 4600 tho
1056 4556 1112 4600 text
1122 4565 1185 4599 com-
1228 4549 1321 4601 Added
1341 4549 1369 4601 in
1380 4567 1469 4618 marg,
1481 4553 1531 4602 and
1548 4552 1571 4603 is
1588 4552 1616 4603 in
1633 4561 1688 4606 text
1704 4558 1731 4606 ol

680 4632 796 4690 nocuisset,
817 4645 845 4680 ar
862 4630 888 4679 in
901 4629 942 4680 W.
954 4629 985 4678 B.
997 4630 1039 4689 Εἷς
1057 4630 1102 4680 bnt
1119 4644 1183 4681 corr.
1228 4630 1257 4679 F.

681 4713 707 4760 iu
720 4727 798 4777 marg.
818 4709 855 4760 vel
870 4711 1056 4766 consumsisset,
1072 4710 1124 4760 and
1140 4710 1182 4759 the
1261 4709 1731 4775 ⁸PartlyinDiccto,col.6⁴2,ulrerc

681 4791 755 4840 latter
784 4789 890 4853 reading
920 4789 941 4838 is
971 4789 1121 4839 substituted
1149 4790 1184 4853 by
1228 4788 1368 4839 itlsdsted
1377 4789 1453 4855 Tyre,
1465 4791 1509 4841 xii.
1521 4791 1572 4841 kri.
1586 4792 1642 4842 Oct
1654 4792 1732 4857 [loth

680 4869 771 4920 Malth.
785 4869 857 4918 Paris
874 4868 900 4917 in
919 4867 962 4917 the
981 4868 1081 4933 margin
1100 4868 1131 4917 os
1143 4868 1182 4929 13,
1229 4867 1312 4933 Sept]
1350 4868 1375 4917 lt
1383 4869 1406 4918 is
1418 4869 1522 4920 omitted
1533 4871 1560 4921 in
1571 4871 1605 4924 D.

679 4948 764 4998 which
776 4948 798 4997 ir
810 4947 973 5012 followedby
986 4947 1015 4998 C.
1044 4947 1183 5012 Inuoco·
1262 4945 1501 5013 ‘Morte-Ferrato]
1541 4949 1733 5002 Monte-Ferar-

680 5029 791 5088 novisset,
803 5025 971 5090 erroneously.
1204 4989 1208 5075 l
1228 5024 1275 5087 rio,
1286 5025 1328 5077 W.
1341 5027 1372 5076 B.
1385 5026 1414 5078 0.

713 5105 873 5170 'Eodemque
889 5141 973 5157 .....
987 5104 1209 5173 archiepiscopoJl
