4442 6392
668 1174 714 1223 nn
737 1175 895 1224 runronn
919 1174 1020 1225 neme
1045 1178 1199 1242 nmmos,
1223 1181 1289 1228 viz.
1314 1183 1470 1232 securum.
1533 1170 1596 1232 455

544 1351 736 1442 Anglorum,
752 1353 915 1422 surrexit¹
933 1378 975 1423 ex
998 1355 1125 1438 altera;
1148 1356 1231 1424 adeo
1253 1356 1396 1444 quidem,
1419 1363 1459 1424 ut
1480 1363 1598 1424 mutua
1608 1371 1677 1424 ao.
1692 1379 1755 1426 naa

544 1456 587 1521 ad
616 1456 760 1524 invicem
783 1459 919 1525 castella
944 1459 1156 1547 surriperent,
1180 1465 1215 1526 et
1239 1462 1346 1526 multa
1368 1462 1455 1528 mala
1478 1462 1515 1526 in
1538 1462 1597 1529 ho·

375 1566 531 1646 quvrenu
544 1559 694 1641 micidiis,
718 1562 901 1628 succendiis
924 1569 958 1629 et
980 1563 1094 1649 spoliis
1126 1570 1363 1649 perpetrarent.
1425 1565 1490 1645 Qui
1521 1570 1596 1631 tan-

408 1641 501 1688 ¹¹‘⁴³⁵'
544 1663 619 1729 dam
641 1686 701 1750 pro
736 1666 823 1731 bono
857 1665 947 1752 pacis
978 1666 1014 1730 in
1045 1665 1290 1732 Normanniam
1320 1669 1364 1733 ad
1395 1668 1596 1753 colloquium

542 1767 784 1844 convenientes,
814 1767 945 1834 diabolo
971 1770 1253 1856 superseminante
1275 1770 1403 1836 zizania
1426 1771 1463 1835 in
1486 1771 1595 1836 medio

542 1868 655 1946 tritici,
678 1869 844 1936 discordes
865 1868 934 1935 ab²
957 1871 1100 1937 invicem
1124 1851 1337 1940 recesseruit.

544 2127 715 2210 Quomodo
729 2124 915 2208 Jotmmca,
940 2126 1115 2213 Apricuicc
1139 2129 1340 2208 cardinalia,
1361 2152 1480 2217 pacem
1506 2128 1594 2198 iata·

631 2229 842 2318 Philippum
871 2231 1088 2298 Francorum
1118 2238 1148 2298 ct
1173 2231 1366 2301 Hosticum
1396 2234 1594 2321 Araplorum

631 2355 721 2421 repca
738 2331 881 2422 feccrit?

373 2504 537 2587 Ropwenc·
587 2486 687 2558 Anno
714 2487 899 2553 Dominicae
914 2485 1119 2552 Natiuitatis
1140 2501 1233 2554 nucu
1258 2488 1456 2576 octogesimo
1482 2489 1757 2556 nono⁸A.D.11m.

406 2575 432 2624 ⁵¹·
448 2581 504 2629 ⁴³⁵·
541 2611 601 2653 rex
624 2588 790 2656 chricus
811 2591 847 2655 in
870 2590 1021 2678 partibus
1052 2591 1282 2657 transmarinis
1314 2614 1440 2657 moram
1462 2593 1594 2672 faciens,

541 2691 776 2775 infestationes,
810 2715 891 2781 quas
922 2693 985 2758 sibi
1025 2715 1085 2758 rex
1121 2694 1322 2759 Francorum
1355 2695 1527 2782 Philippus
1559 2702 1593 2761 et

542 2817 649 2862 comes
676 2797 889 2863 Pictavorum
912 2796 1084 2874 Ricardus,
1107 2796 1196 2862 filius
1219 2796 1299 2882 ejus,
1321 2796 1495 2875 faciebant,
1517 2822 1592 2886 gra-

542 2898 629 2963 viter
653 2898 752 2964 nimis
775 2903 810 2964 et
832 2898 969 2965 moleste
991 2899 1127 2964 ferebat.
1175 2899 1256 2964 Fuit
1270 2905 1383 2965 autem
1403 2900 1447 2965 ad
1470 2900 1693 2970 Nasareflenrr

542 3000 679 3066 Domini
701 3003 737 3067 in
765 3001 961 3091 Andegavia
983 3002 1073 3090 apud
1098 3002 1249 3083 Saumur,
1274 3008 1308 3069 ct
1331 3003 1509 3090 sollempne
1531 2971 1746 3090 ἱεὶς-ἔξω

541 3109 614 3170 tum
650 3105 698 3171 ibi
737 3106 855 3183 tenuit,
894 3105 971 3172 licet
1012 3105 1222 3192 quamplures
1261 3106 1302 3171 dc
1344 3106 1518 3173 comitibus
1558 3104 1757 3173 etatsaumur.

540 3206 719 3274 baronibus
756 3209 825 3274 suis
862 3208 905 3274 ab
944 3230 981 3274 eo
1019 3209 1236 3289 recessissent,
1277 3213 1312 3274 ct
1343 3209 1484 3275 Ricardo
1523 3210 1592 3275 filio
1627 3186 1734 3237 ²⁵⁰⁸*

540 3330 599 3376 suo
622 3312 843 3377 adhaesissent.
900 3311 979 3376 Post
1009 3309 1130 3376 festum
1155 3309 1287 3396 [vero]⁴
1312 3313 1418 3378 sancti
1447 3312 1589 3398 Hylan'i,
1631 3312 1733 3366 ¹³Jw·

540 3413 649 3498 ruptis
680 3414 815 3499 treugis,
838 3434 912 3498 quae
944 3416 1040 3478 erant
1071 3414 1161 3477 inter
1190 3434 1289 3500 reges,
1321 3414 1501 3501 Philippus,
1532 3437 1591 3481 rex

541 3512 752 3595 Francorum,
776 3519 811 3580 ct
833 3536 940 3579 comes
964 3514 1132 3591 Ricardus,
1157 3515 1361 3601 congregatis
1383 3515 1484 3602 copiis
1506 3514 1745 3581 mili-11⁰⁸tilities

540 3616 674 3695 taribus,
697 3617 909 3683 intraverunt
931 3622 1042 3682 terras·
1058 3617 1144 3703 regis
1159 3616 1351 3702 Anglorrmn
1376 3623 1411 3683 et
1433 3639 1488 3682 eas
1507 3597 1697 3702 fera-m

540 3717 616 3784 liter
638 3718 809 3784 devastare
831 3722 1010 3806 coeperunt.
1069 3717 1223 3785 Britones
1256 3718 1367 3799 etiam,
1400 3719 1511 3784 relicto
1542 3743 1588 3801 eo,

540 3820 682 3889 Ricardo
716 3823 828 3888 comiti
860 3822 1077 3887 adhaeserunt.
1136 3820 1203 3886 Sed
1236 3843 1321 3909 papa
1343 3821 1502 3901 Clemens,
1534 3825 1592 3889 ad-

539 3923 663 3991 mirans
696 3925 843 3991 nondmn
870 3946 982 4013 pacem
1012 3924 1101 3989 inter
1128 3945 1220 4010 reges
1246 3923 1345 3989 misse
1370 3925 1588 4003 reformatam,

540 4027 631 4093 misit
665 4027 853 4094 Johannem
887 4029 928 4094 de
962 4027 1117 4115 Agnanio
1151 4025 1348 4092 cardinalem
1382 4049 1456 4092 cum
1493 4030 1591 4116 plena

539 4135 703 4217 potestate
727 4130 770 4196 ad
794 4131 870 4198 lites
900 4131 1007 4219 regias
1029 4129 1237 4195 dirimendas.
1283 4129 1448 4210 Quicum
1470 4132 1513 4196 ad
1535 4155 1590 4198 eos
1601 4142 1740 4196 Thesac-

524 4233 693 4312 ·vcuisset,
717 4238 752 4298 et
774 4235 861 4320 ipsos
883 4256 971 4298 nunc
998 4233 1133 4319 asperis·
1152 4254 1242 4297 nunc
1270 4232 1402 4297 blandis
1433 4225 1743 4330 sermoni-‘rssssfflffi

542 4399 546 4404 -
583 4398 683 4406 anau-—
693 4399 827 4407 -.-.—-—-
836 4399 929 4406 --.--
1121 4396 1286 4405 —·----
1307 4397 1588 4406 ——-——--...-·-

575 4488 714 4553 ιειιννεινιϊ]
734 4489 839 4547 surexit,
851 4487 907 4537 MS.
1087 4486 1194 4534 Domini
1215 4485 1256 4534 hic
1280 4485 1418 4536 notatum.'’
1455 4485 1525 4550 [The
1543 4503 1587 4535 ro-

573 4566 639 4632 ²at]
659 4568 699 4630 sd,
713 4567 769 4617 MS.
1062 4566 1065 4617 t
1087 4566 1155 4616 lumc
1173 4566 1283 4615 referred
1294 4573 1328 4626 to,
1347 4566 1369 4614 ls
1388 4581 1422 4615 no
1441 4566 1520 4616 doubt
1530 4566 1587 4615 MS.

574 4645 719 4706 wama
731 4682 815 4697 .....
819 4647 925 4711 saera]
945 4645 976 4695 In
999 4645 1042 4696 ue
1062 4630 1065 4663 ¹
1087 4644 1587 4708 oom.car.0011.c·mn·.‚n0‚mr..

540 4725 640 4791 umrgin
663 4726 776 4790 opposite
797 4726 820 4775 is
844 4725 887 4776 rhe
909 4724 1042 4790 following
1085 4725 1189 4774 marked
1214 4726 1249 4789 by
1276 4739 1317 4774 me
1344 4724 1379 4775 A.
1431 4724 1508 4773 From
1539 4725 1588 4775 this

540 4814 608 4865 note,
620 4806 648 4855 in
660 4821 676 4855 a
687 4805 755 4856 hand
764 4804 794 4855 of
801 4805 844 4856 the
855 4805 914 4855 rut
922 4810 1039 4869 century:
1086 4818 1148 4868 year
1158 4803 1236 4869 begin
1247 4803 1304 4853 MS
1317 4802 1451 4865 C.C.C.C.,
1462 4804 1511 4853 No.
1527 4805 1587 4864 xvi,

540 4890 556 4912 ·‘
568 4885 618 4934 Hic
630 4894 666 4935 est
678 4901 739 4936 rere
754 4884 945 4949 conrin[u]atio
956 4885 1042 4934 Histo·
1086 4884 1136 4933 und
1145 4883 1188 4933 the
1199 4885 1291 4934 second
1303 4883 1402 4946 portion
1414 4883 1444 4933 of
1452 4883 1507 4933 MS.
1521 4884 1586 4934 Cort.

541 4963 585 5014 ria
597 4964 694 5014 Mathai
715 4965 867 5014 Parisiensis
887 4964 914 5012 in
932 4962 984 5013 alic
996 4977 1041 5013 ro·
1062 4994 1065 5035 Ι
1087 4963 1154 5013 Nero
1165 4963 1197 5014 D.
1209 4963 1248 5029 u]

541 5042 642 5101 lmnine,
655 5044 682 5093 in
700 5059 750 5108 qno
760 5044 867 5093 habetur
882 5043 998 5094 Historia
1009 5042 1042 5093 ab
1121 5043 1209 5108 ⁴nero]
1230 5044 1350 5108 supplied
1370 5045 1435 5095 lrom
1452 5044 1491 5095 W.
1513 5044 1541 5096 n.
1559 5047 1588 5095 C.

541 5122 639 5187 origine
667 5123 755 5172 mundi
787 5137 862 5186 mque
892 5124 923 5172 ud
946 5138 1041 5173 annum
1061 5108 1065 5161 l
1086 5123 1119 5176 D.
1131 5123 1153 5173 1.
