4442 6392
573 1176 620 1224 un
643 1176 804 1225 rsurosr
826 1176 927 1225 nucis
943 1177 1115 1226 urrunnu
1139 1178 1299 1239 sumum,
1315 1177 1382 1226 uz.
1401 1176 1492 1229 aun.
1517 1167 1580 1229 109

528 1355 667 1417 cernunt
694 1349 874 1430 funeribus,
898 1350 1050 1417 domibus
1082 1350 1215 1428 relictis
1250 1374 1324 1417 cum
1358 1354 1517 1419 uxoribus
1547 1359 1661 1418 abd-D·
1676 1364 1748 1409 ¹⁰⁹8·

529 1453 641 1519 liberis
663 1452 808 1540 effugere
829 1454 1046 1540 satagebant3
1069 1454 1126 1518 scd
1149 1455 1279 1520 incaute
1302 1455 1474 1542 fugientes,
1497 1462 1582 1522 stra»
1708 1468 1710 1471 '

529 1579 603 1643 gem
625 1556 773 1642 undique
795 1562 994 1644 repererunt.
1054 1557 1120 1636 Qui
1151 1564 1265 1622 autem
1287 1558 1323 1621 in
1347 1560 1428 1624 urbe
1451 1560 1581 1625 habita
1592 1578 1721 1629 Meum

529 1661 613 1726 bant
650 1660 771 1724 servuli
806 1660 997 1740 Christiani,
1032 1660 1174 1746 arreptis
1208 1661 1358 1748 [armis],¹
1391 1669 1578 1728 nostrorum
1589 1645 1749 1764 {affinga

531 1762 671 1828 coetibus
701 1761 938 1850 adjunguntur,
971 1767 1006 1828 et
1036 1767 1180 1849 stragem
1213 1764 1341 1828 civibus
1375 1787 1487 1830 eorum
1522 1789 1578 1853 op·
1589 1751 1693 1843 pillages

516 1865 733 1953 .pressoribus
764 1887 832 1930 non
865 1866 1036 1930 minimam
1057 1866 1254 1943 intulerrmt,
1276 1875 1474 1933 secretorum
1496 1870 1582 1956 ipso-

513 1993 606 2035 .rum
637 1991 702 2034 non
735 1970 850 2055 ignari
896 1968 1056 2034 AEdificiis
1087 1969 1191 2055 igitur
1213 1971 1366 2035 omnibus
1388 1992 1462 2036 cum
1484 1993 1581 2058 pene·

533 2071 672 2138 tralibus
708 2076 744 2136 et
781 2071 925 2158 apotecis
962 2070 1139 2137 confractis
1175 2077 1210 2138 et
1241 2073 1415 2160 occupatis,
1455 2096 1581 2150 amum,

532 2179 713 2262 argentum,
737 2179 846 2239 vestes
877 2174 1037 2261 pretiosas
1068 2179 1102 2240 et
1133 2196 1289 2263 gemmas,
1315 2198 1389 2241 cum
1411 2177 1500 2241 vasis
1522 2177 1583 2241 im-

531 2277 770 2364 pretiabilibus,
793 2278 965 2358 olosericis,
989 2299 1063 2343 cum
1092 2278 1183 2342 omni
1208 2279 1426 2366 suppellectili
1447 2280 1581 2344 nobilis-

531 2382 622 2459 sima,
644 2381 735 2446 inter
755 2403 790 2445 se
812 2402 906 2466 aequa
928 2385 1016 2446 sorte
1044 2381 1290 2460 distribuentes,
1314 2403 1411 2468 super
1442 2383 1583 2446 admira—

532 2483 656 2549 tionem
679 2484 881 2548 ditabantur.
928 2483 974 2548 Et
996 2484 1054 2568 qui
1078 2484 1168 2570 prius
1191 2483 1370 2548 esurientes
1384 2485 1421 2548 in
1436 2485 1582 2549 exercitu

532 2587 808 2666 mendicaverant,
824 2586 920 2651 bonis
938 2586 1010 2671 jam
1033 2585 1209 2651 omnibus²
1230 2587 1397 2673 usquead
1412 2587 1582 2651 fastidium

532 2689 770 2755 abundabant.³
827 2689 913 2755 Caesi
950 2689 1138 2754 referuntur
1170 2689 1208 2753 in
1238 2689 1375 2754 civitate
1409 2689 1581 2775 plusquam

533 2793 644 2857 decem
675 2793 768 2856 milia
799 2792 986 2870 Turcorum,
1019 2813 1158 2877 quorum
1196 2813 1332 2878 corpora
1368 2814 1427 2878 per
1457 2791 1584 2878 plateas

363 2922 522 2988 Qwfflq
533 2894 763 2959 miserabiliter
784 2893 950 2980 insepulta
971 2893 1157 2979 jacuerunt.
1212 2894 1300 2979 Equi
1331 2894 1463 2959 inventi
1495 2900 1582 2967 sunt,

401 2989 427 3039 sl
442 2994 494 3041 ¹¹⁰·
534 2997 591 3084 qui
613 2997 657 3062 ad
680 3018 772 3060 arma
793 2996 945 3076 facerent,
970 2996 1151 3083 quingenti,
1190 3019 1304 3062 omnes
1336 3002 1450 3062 tamen
1481 2997 1583 3061 macie

534 3101 672 3166 confecti
691 3106 726 3165 et
741 3100 852 3164 inedia
866 3099 1089 3179 tabescentes,
1105 3100 1185 3184 quia
1206 3121 1266 3164 nec
1288 3101 1382 3186 equis
1404 3101 1458 3164 vel
1481 3100 1581 3164 etiam

530 3203 716 3269 bominibus
739 3203 866 3287 aliquid
887 3203 1037 3266 alimenti
1060 3203 1097 3266 in
1120 3202 1258 3268 civitate
1280 3208 1331 3267 est
1353 3208 1529 3289 repertum.

636 3561 685 3626 Dc
707 3557 855 3626 taceatur
878 3553 1051 3632 Ausitai,
1076 3551 1273 3619 Antiochiae
1291 3550 1478 3637 priocipis.

375 3707 500 3789 latrent
516 3747 523 3761 ·
579 3711 753 3774 Annianus
768 3714 887 3783 autem,
904 3729 980 3770 vere
991 3705 1062 3790 jam
1079 3704 1253 3767 Annianus
1268 3707 1303 3765 et
1325 3700 1452 3777 anxius,
1468 3699 1583 3763 videns
1594 3718 1739 3781 Anxium,

400 3782 488 3829 '¹³¹⁰'
534 3813 648 3878 urbem
671 3834 764 3877 suam
787 3816 857 3874 tam
872 3807 1060 3895 praeclaram
1085 3803 1281 3871 Christianis
1300 3802 1370 3888 jam
1393 3801 1492 3865 fuisse
1507 3786 1750 3902 sub‘ffiiiiei‘a

528 3915 691 4003 jugatam,
714 3915 801 3979 solus
823 3913 947 3998 absque
970 3910 1088 3976 comite
1111 3930 1169 3994 per
1192 3906 1354 3993 posticum
1377 3925 1532 3989 egressus,
1549 3907 1665 3968 etslain.
1709 3890 1715 3909 ’

531 4041 598 4105 prae
621 4018 742 4083 doloris
770 4015 977 4080 immanitate
1000 4034 1067 4077 non
1088 4033 1124 4075 se
1145 4009 1284 4095 capiens,
1306 4028 1418 4071 amens
1441 4007 1583 4081 effectus,

531 4121 735 4187 errabundus
765 4119 903 4206 aufugit.
949 4115 1016 4197 Qui
1045 4135 1123 4179 casu
1146 4111 1320 4176 Armenios
1344 4108 1503 4194 quosdam
1527 4106 1584 4172 ob-

534 4227 621 4290 viam
643 4224 777 4304 habens,
794 4243 868 4288 cum
890 4219 1042 4306 cognitus
1065 4221 1150 4281 esset
1173 4215 1214 4279 ab
1238 4213 1294 4293 eis,
1318 4211 1412 4275 illum
1434 4210 1472 4274 in
1493 4215 1583 4275 terra

532 4324 744 4414 dejicientcs⁴
779 4325 890 4411 ipsum
920 4319 1179 4397 decollaverunt,
1203 4324 1237 4382 et
1269 4319 1369 4402 caput
1398 4313 1435 4377 in
1468 4313 1583 4377 urbem

531 4431 713 4507 afferentes
737 4427 819 4493 illud
850 4446 958 4491 coram
981 4421 1102 4510 populo
1126 4421 1237 4508 palam
1259 4417 1464 4505 principibus
1487 4420 1581 4502 optu-

531 4532 649 4598 lerunt.
695 4530 764 4595 Alii
786 4552 863 4594 vero
887 4527 927 4592 de
957 4526 1094 4591 civitate
1125 4524 1260 4602 nobiles
1284 4523 1321 4586 in
1352 4524 1449 4585 tanto
1471 4540 1580 4583 rerum
1591 4544 1741 4600 mog„

531 4635 717 4700 discrimine
749 4637 845 4698 extra
876 4652 910 4695 se
941 4627 1028 4715 rapti
1052 4626 1134 4712 quid
1157 4630 1293 4712 agerent
1323 4625 1522 4710 ignorantes,
1544 4612 1736 4745 iamsi?

564 4906 571 4937 ¹
584 4904 672 4970 annis]
692 4901 813 4969 Supplicd
822 4901 888 4952 from
899 4899 941 4951 W.
954 4899 987 4949 Α.
999 4897 1028 4950 C.
1110 4893 1303 4960 'abundabam
1323 4895 1510 4954 habundabant,
1522 4893 1578 4944 MS.

533 4986 566 5036 D.
1112 4977 1121 5006 ⁴
1131 4974 1281 5039 deficientes]
1300 4974 1444 5034 deicieutcs,
1456 4974 1512 5023 MS.

563 5063 705 5130 ²onrm'dus]
726 5063 766 5115 On
779 5077 811 5113 au
823 5076 931 5113 erasure.
