4442 6392
682 1174 729 1224 ns
752 1175 911 1226 ruurouu
933 1176 1036 1227 ason·
1058 1178 1214 1240 nunniti,
1238 1180 1304 1229 viz.
1329 1180 1490 1230 saeuum.
1551 1169 1615 1230 439

650 1426 845 1496 barbatiano
867 1452 899 1498 oc
916 1430 993 1517 jorn
1014 1438 1189 1520 prosperat
1210 1431 1256 1500 cd
1275 1431 1523 1518 proclia-ndum.
1627 1439 1696 1491 M).
1712 1446 1782 1491 ¹1⁸6.

389 1593 547 1673 Ropwms.
605 1579 795 1650 Nunciatm·
824 1586 951 1652 interea
982 1586 1132 1653 Saladini
1163 1588 1292 1654 hostilis
1322 1588 1495 1666 adventus
1523 1589 1611 1674 quod
1625 1588 1753 1641 Rumours

422 1677 449 1712 ¹¹·
462 1668 519 1714 ⁴²0‘
560 1703 618 1748 nec
654 1707 674 1748 a
711 1707 789 1752 vero
825 1687 1040 1777 discrepabat,
1076 1691 1130 1756 vel
1168 1691 1416 1779 propinquitate
1456 1691 1609 1756 distabat.
1623 1657 1770 1789 ffifeap.

388 1790 545 1856 Rogsvend.
562 1784 659 1851 Unde
683 1789 805 1875 regina,
830 1793 1018 1858 convocatis
1044 1793 1150 1859 edicto
1171 1795 1361 1880 rogioviris
1388 1793 1611 1859 ecclesiasticis
1623 1792 1717 1853 proaeh
1729 1794 1759 1841 ⁰f

420 1858 448 1909 ii.
460 1866 519 1914 ⁴²¹·
558 1892 593 1953 et
614 1891 822 1970 secrdaribus
847 1894 887 1959 de
911 1917 987 1982 rege
1010 1895 1129 1961 habuit
1159 1897 1309 1983 eligendo
1331 1901 1519 1963 tractatum.
1565 1895 1611 1962 Et
1625 1858 1736 1908 Sandis.

557 1994 712 2080 quoniam
742 1995 778 2060 id
804 1996 868 2061 sibi
898 1999 989 2083 prius
1018 1999 1061 2063 ab
1093 2000 1244 2065 omnibus
1274 2022 1460 2066 concessum
1490 1999 1608 2078 fuerat,
1624 1999 1710 2051 staina

556 2100 596 2159 ut
626 2119 722 2182 quem
759 2098 877 2164 vellet.
898 2101 1054 2166 maritum
1090 2102 1233 2188 eligeret,
1265 2103 1532 2190 exspectantibus
1562 2067 1744 2187 reissssssssffl

555 2200 683 2264 exitum
709 2201 880 2281 universis
905 2203 1020 2290 regina
1041 2204 1194 2281 Guidoni,
1219 2206 1276 2290 qui
1301 2206 1390 2270 inter
1416 2204 1497 2270 alios
1521 2209 1608 2270 asta·
1621 2201 1715 2317 {lother

556 2301 623 2380 aas,
647 2324 726 2369 voce
752 2305 840 2370 uam
863 2305 960 2383 dixis,
992 2307 1165 2372 “nomine
1194 2308 1249 2384 mr,
1275 2307 1393 2388 curo,
1421 2329 1481 2394 ego
1507 2312 1541 2372 se
1572 2307 1607 2369 in
1621 2270 1759 2386 stt

555 2406 713 2472 maritum
738 2406 832 2495 aliga
859 2412 894 2473 et
917 2431 969 2474 me
995 2410 1093 2474 simul
1121 2432 1195 2475 curn
1217 2432 1317 2497 regno
1341 2410 1405 2475 tibi
1430 2409 1551 2475 dedens
1574 2402 1738 2532 etssiffi'

555 2508 698 2591 tradens,
725 2515 760 2576 te
786 2532 895 2598 regem
922 2511 1071 2577 futurum
1097 2512 1227 2599 publice
1251 2511 1441 2600 protestor.”
1621 2537 1774 2598 repudiatos.

554 2769 646 2841 Noto
667 2771 864 2842 rnuticbrcm
884 2774 1053 2842 cautelam
1075 2773 1273 2842 mirabilem
1295 2773 1337 2840 in
1360 2795 1432 2861 repo
1447 2769 1580 2859 ctipend
1599 2823 1606 2838 .

384 2923 542 3005 Ros-Wend·
601 2924 656 2990 Ad
679 2924 763 2990 hanc
777 2946 890 2991 vocem
909 2947 1022 2992 omncs
1041 2924 1218 3013 stupefacti
1232 2924 1484 2990 admirabantur
1499 2924 1604 3002 valde,
1620 2929 1753 3008 remmon·

410 3009 438 3045 ¹¹⁰
451 3001 507 3047 ⁴²¹·
554 3026 642 3111 quod
669 3031 721 3094 tot
745 3029 835 3094 viros
861 3026 1040 3117 prudentes
1061 3052 1129 3096 una
1151 3029 1270 3094 mulier
1295 3027 1434 3115 simplex
1460 3027 1505 3092 sic
1529 3049 1606 3115 pru·
1619 2998 1747 3115 {2²:³5an

552 3132 670 3200 denter
689 3134 955 3202 circumvenerat.
1002 3133 1195 3199 Laudabilis
1213 3133 1310 3220 plane
1334 3131 1463 3209 femina,
1479 3137 1515 3197 et
1535 3137 1605 3197 tam
1618 3131 1670 3183 wit.

550 3234 719 3321 pudicitiae
741 3258 841 3323 quam
872 3237 1057 3324 prudentiae
1089 3236 1261 3324 praeconiis
1293 3235 1503 3301 extollenda!
1550 3235 1605 3300 Sic

551 3338 639 3402 onim
669 3339 839 3426 negotium
870 3340 1078 3426 temperavit,
1103 3345 1199 3405 utet
1227 3361 1364 3425 regnum
1387 3337 1461 3403 viro
1483 3341 1518 3402 et
1540 3337 1604 3402 sibi

551 3440 658 3504 virum
683 3441 855 3527 optineret.

720 3704 771 3770 Dc
792 3708 900 3770 tractre
922 3699 1111 3773 Sclcccdini
1134 3700 1311 3789 injurium
1329 3722 1441 3789 passo.

379 3859 536 3978 Rffliffint
595 3856 749 3944 Contigit
782 3863 895 3922 autem
932 3857 997 3922 hiis
1029 3856 1146 3923 diebus
1185 3862 1325 3921 matrem
1358 3853 1528 3920 Salentini
1557 3852 1600 3918 ab
1612 3863 1682 3983 dii,
1684 3947 1711 3982 er
1721 3932 1751 3982 os

551 3961 687 4049 AEgipto
714 3961 750 4026 in
786 3968 897 4048 partes
935 3960 1077 4028 transire
1110 3962 1340 4039 Damascenas,
1375 3960 1412 4024 in
1438 3962 1599 4045 apparatu
1613 3998 1715 4050 SM„
1730 4001 1752 4049 is

548 4087 668 4153 magno
691 4070 726 4131 ct
749 4065 878 4132 divitiis
910 4065 1055 4153 copiosis.
1119 4064 1201 4147 Qum
1236 4063 1277 4129 de
1309 4063 1374 4128 fido
1408 4068 1599 4149 treugarum
1612 4066 1750 4129 plundered

547 4192 757 4258 praesumens,
791 4193 850 4259 per
883 4172 964 4237 fines
996 4170 1148 4258 regionis,
1184 4192 1257 4258 quae
1292 4175 1384 4235 trans
1418 4167 1442 4232 J
1444 4166 1599 4233 ordanonr
1612 4133 1729 4252 {mre

546 4282 635 4356 sunt,
658 4297 768 4342 secure
790 4275 957 4362 perrexit3
986 4273 1023 4339 in
1053 4273 1147 4361 cujus
1178 4273 1373 4340 comitatum
1397 4271 1599 4358 Reginaldus

545 4378 585 4444 dc
625 4378 823 4445 Castellione
861 4383 983 4445 temore
1026 4377 1221 4466 imrmpem,
1259 4375 1397 4443 divitias
1434 4371 1596 4460 diripuit¹

545 4482 721 4548 universas.
778 4481 875 4564 Quod
909 4503 984 4547 cum
1018 4480 1165 4547 audisset
1188 4480 1391 4556 Salaadinm
1416 4482 1598 4543 commotus
1611 4483 1713 4536 Salndin

544 4598 594 4651 cst
616 4586 836 4664 vehementer,
870 4588 904 4651 et
935 4583 1182 4651 restitutionem
1216 4583 1403 4649 ablatorum
1435 4586 1469 4646 et
1499 4553 1763 4672 super·{¹a‘t¹ss}ffl{0n

542 4687 673 4774 injuriis
696 4687 954 4753 satisfactionem
979 4687 1041 4752 sub
1070 4686 1222 4773 pactione
1249 4685 1382 4752 foedcris
1404 4681 1595 4772 postulavit.
1607 4685 1635 4735 in
1646 4685 1713 4738 vain.

544 4791 737 4858 Conventus
771 4795 883 4856 sutem
915 4812 1012 4877 super
1043 4789 1109 4854 hiis
1132 4788 1336 4877 Reginoldus
1361 4811 1383 4852 a
1406 4784 1593 4866 Salasdino,

543 4897 623 4961 dure
645 4894 746 4960 nimis
769 4901 802 4960 ot
825 4893 1061 4960 contumeliose
1075 4893 1254 4981 respondit.
1301 4891 1499 4958 Salaadinus
1515 4913 1593 4957 vero

896 5138 901 5166 ¹
914 5134 1030 5202 diripuit]
1051 5131 1174 5198 dinipuit
1186 5132 1241 5184 MS.
