4442 6392
675 1146 719 1208 48
801 1159 968 1211 ueremur
992 1160 1206 1212 esursruusrs
1229 1162 1393 1213 msrorus
1414 1162 1615 1216 suesorum.

505 1355 574 1407 M).
589 1363 661 1410 1094.
673 1345 805 1432 cipevit
851 1346 897 1411 Et
919 1346 996 1412 inde
1019 1348 1062 1412 ad
1085 1348 1255 1414 castellum
1281 1349 1323 1415 de
1345 1349 1529 1416 Thinemue
1554 1349 1728 1437 profectus,

673 1448 810 1514 fratrem
833 1450 974 1516 consulis
998 1450 1137 1516 Rcberti
1167 1452 1255 1540 cepit
1280 1452 1317 1517 in
1341 1453 1464 1519 eodem.
1510 1453 1557 1518 Et
1585 1452 1728 1518 indeed

672 1558 815 1618 cestrum
837 1554 878 1618 de
902 1553 1067 1620 Bumburc
1088 1575 1157 1635 rex,
1181 1577 1290 1620 secum
1312 1555 1421 1642 ipsum
1439 1556 1569 1639 comitis
1591 1557 1728 1622 fratrem

671 1655 841 1743 captivum
864 1656 995 1733 ducens,
1019 1656 1108 1722 illico
1139 1658 1339 1745 properavit,
1362 1666 1397 1725 et
1430 1659 1541 1747 ipsum
1572 1659 1725 1725 comitem

670 1757 708 1822 in
730 1757 845 1824 eodem
868 1758 1004 1824 obsedit
1063 1758 1131 1825 Sed
1163 1782 1238 1825 cum
1269 1766 1414 1827 cestrum
1445 1759 1723 1850 inexpugnabile¹

670 1859 826 1942 advertit,
849 1865 929 1927 unte
952 1861 1124 1927 castellum
1154 1861 1239 1928 illud
1269 1862 1361 1928 eliud
1390 1862 1448 1929 sed
1478 1852 1626 1951 ligneum
1649 1886 1726 1930 con·

670 1964 804 2042 struxit,
836 1964 878 2029 ud
912 1965 1181 2051 praecludendum
1212 1965 1280 2031 illis
1319 1966 1458 2045 exitum,
1493 1966 1582 2052 quod
1615 1967 1726 2054 putria

669 2065 784 2153 lingue
797 2066 1016 2133 Malcvcisinc
1037 2067 1227 2156 appellavit.
1273 2067 1316 2133 In
1331 2091 1397 2154 quo
1417 2074 1546 2156 partem
1562 2070 1724 2136 exercitus

669 2169 722 2234 sui
744 2169 803 2255 qui
828 2191 1021 2235 numerosus
1043 2169 1161 2236 extitit
1183 2170 1382 2257 relinquens,
1397 2193 1458 2237 rex
1480 2172 1558 2238 inde
1583 2174 1723 2239 recessit.

671 2269 820 2358 Cumque
843 2294 911 2338 unu
932 2277 1028 2338 nocte
1050 2294 1159 2338 comes
1180 2267 1266 2338 lerne'
1288 2279 1443 2353 arctatus,
1467 2274 1551 2340 clam
1573 2276 1723 2341 recedere

670 2375 901 2462 proposuisset,
932 2380 1063 2440 secutus
1093 2380 1144 2440 est
1176 2396 1252 2440 eum
1278 2376 1364 2462 regis
1394 2376 1566 2453 exercitus,
1589 2378 1723 2444 excubi-

669 2476 798 2542 toribus
830 2478 1004 2553 excitatae,
1039 2498 1143 2564 usque
1176 2477 1220 2543 ed
1253 2477 1445 2557 Thiuemue,
1475 2501 1560 2565 equo
1589 2486 1720 2567 raptum

669 2579 881 2646 velocissimo.
943 2579 1014 2646 Ubi
1052 2601 1127 2644 cum
1160 2601 1194 2645 se
1227 2580 1402 2646 defendere
1433 2588 1617 2663 coneretur,
1651 2583 1722 2648 sine

668 2682 805 2748 vulnere
839 2687 955 2770 ceptus
989 2688 1040 2747 est
1072 2689 1107 2748 et
1138 2682 1291 2770 integer3
1328 2683 1463 2770 regique
1493 2690 1723 2772 presentatus,

661 2783 775 2869 jussus
797 2788 848 2849 est
872 2785 962 2871 apud
977 2783 1224 2850 Windeleshore
1247 2786 1408 2852 custodire
1423 2788 1578 2853 carcerali
1600 2788 1722 2852 munci-

666 2887 748 2972 puri.
804 2886 946 2952 Reddite
979 2885 1085 2973 igitur
1116 2886 1275 2952 continuo
1306 2894 1413 2954 cestro
1447 2890 1489 2956 de
1520 2889 1720 2975 Bemburg0‚

666 3008 778 3053 omnes
801 2988 930 3054 comitis
951 2986 1096 3054 fautores
1122 2989 1207 3054 mule
1233 2990 1370 3055 tractati
1392 2998 1480 3057 suut.
1526 2991 1616 3056 Nem
1640 2992 1722 3056 Wil-

666 3089 784 3155 lelmus
799 3089 840 3155 de.
857 3089 947 3156 Auco
970 3090 1170 3168 exoculatus
1187 3095 1221 3157 et
1237 3090 1320 3169 Ode,
1340 3093 1454 3159 consul
1470 3092 1717 3180 Oempcnensis,

667 3196 703 3257 et
724 3193 824 3258 ceteri
839 3213 951 3257 omnes
966 3193 1020 3258 vel
1034 3193 1182 3279 squalore
1197 3194 1334 3260 carceris
1357 3195 1517 3276 diuturni,
1534 3195 1586 3261 vel
1604 3202 1721 3276 morte,

667 3293 720 3360 vel
742 3294 996 3361 exheredatione
1018 3300 1097 3362 sunt
1120 3295 1239 3382 puniti

986 3594 1150 3662 Wulcuscs
1172 3595 1401 3663 invaduntur.

499 3748 662 3804 Invuicnor
713 3735 812 3800 Anno
834 3754 962 3821 quoque
984 3733 1046 3798 sub
1069 3734 1191 3811 eodem,
1215 3733 1356 3820 impiger
1378 3732 1458 3798 ποκ’
1474 3732 1660 3798 Willelmus
1682 3732 1718 3796 in
1732 3742 1889 3805 neewerc

498 3816 593 3870 uus.
669 3836 822 3903 usuam
853 3836 1035 3902 exercitum
1058 3836 1166 3912 suxit,
1198 3842 1232 3901 ec
1262 3836 1367 3924 ipsam
1399 3836 1565 3901 hosuuur
1587 3835 1718 3922 impug-

666 3941 785 4020 navit3
819 3962 858 4006 co
888 3939 977 4026 quod
998 3961 1085 4004 anno
1115 3938 1287 4025 praeterito
1317 3939 1381 4025 ipsi
1405 3938 1574 4004 Walenses
1596 3937 1719 4003 multos

666 4042 935 4109 Normannorurn
979 4041 1177 4122 occiderant,
1215 4041 1387 4106 castellum
1425 4063 1556 4128 quoque
1595 4040 1720 4105 Montis

667 4145 854 4213 Gomerici³
877 4149 1133 4232 prostraverunt,
1157 4149 1201 4224 et,
1225 4145 1350 4210 necetis
1371 4145 1515 4221 inclusis,
1538 4143 1721 4209 finitimos⁴

664 4248 742 4336 igne
764 4249 914 4335 ferroque
945 4247 1105 4313 dederent
1136 4246 1342 4312 exterminio.
1398 4246 1471 4312 Rex
1501 4247 1607 4334 igitur
1637 4245 1720 4310 Wil-

664 4350 782 4417 lelmus
805 4373 917 4416 omnes
947 4351 1030 4414 fines
1054 4347 1185 4415 Wulliae
1209 4349 1378 4415 hostiliter
1406 4355 1441 4415 et
1470 4353 1625 4436 potenter
1646 4370 1719 4435 per-

664 4452 817 4532 lustrans,
844 4454 932 4541 ipsos
958 4451 1123 4517 maleficos
1155 4451 1192 4516 in
1221 4473 1278 4517 ore
1308 4451 1412 4538 gladii
1446 4451 1718 4539 persequebatur3

664 4556 722 4622 sed
751 4579 824 4622 cum
854 4555 1014 4643 fugitivos
1047 4554 1084 4618 in
1112 4553 1185 4620 loca
1213 4553 1377 4641 palustris
1406 4561 1440 4619 et
1469 4575 1640 4619 nemorose
1668 4552 1718 4616 in-

665 4661 757 4747 sequi
783 4680 850 4724 non
872 4659 1006 4738 valeret,
1038 4657 1180 4722 firmatis
1210 4656 1246 4720 in
1269 4656 1399 4722 Wulliae
1425 4658 1568 4722 confinio
1594 4655 1717 4732 eastris,

1117 4828 1159 4834 —
1173 4827 1300 4834 --.-——..v
1323 4827 1380 4833 ...⁴
1402 4827 1405 4832 .
1426 4827 1555 4834 --.....-.
1569 4828 1595 4833 -.
1610 4826 1717 4834 ...υ--α

699 4934 706 4964 ¹
720 4928 918 4997 inexpuqnubr‘le]
944 4929 1170 4995 inexpunguabile.
1249 4930 1259 4959 ³
1274 4927 1408 4994 Generici]
1423 4928 1592 4988 Gomerii‚ll'.
1601 4930 1634 4979 A.
1645 4929 1672 4979 C.
1684 4929 1717 4978 D.

665 5012 721 5064 MS.
1251 5020 1396 5085 ‘finitimud
1415 5020 1543 5084 fugitivos,
1555 5020 1584 5070 F,

697 5093 708 5122 ²
722 5090 779 5157 rex]
798 5091 934 5155 Repectcd
945 5089 991 5139 but
1002 5089 1152 5153 expunctcd.

1772 3810 1797 3860 ii.
1809 3815 1849 3860 46.
