4442 6392
709 1214 756 1264 ur
778 1212 939 1266 rnnroun
962 1212 1064 1263 naurs
1087 1211 1244 1274 saunier,
1263 1211 1329 1260 vrz.
1352 1210 1462 1260 rarus
1551 1196 1613 1259 221

539 1387 687 1476 .[cum]¹
705 1388 820 1454 multis
846 1409 976 1475 quoque
1006 1386 1193 1465 abbatibus,
1219 1385 1385 1474 prioribus
1410 1391 1446 1450 et
1476 1383 1784 1451 colmannum.

560 1490 715 1578 praelatis,
737 1492 809 1578 ipso
824 1490 947 1556 abbate
969 1490 1124 1556 omnibus
1139 1489 1254 1555 eodem
1268 1488 1322 1553 die
1337 1487 1520 1553 necessaria
1541 1508 1616 1574 pro·

561 1593 723 1660 curante.²
762 1595 808 1659 Et
830 1615 890 1660 rex
913 1593 1080 1659 Henricus
1096 1592 1190 1658 dedit
1212 1577 1355 1657 ecciesiae
1379 1589 1526 1676 praefatae
1542 1588 1615 1654 Bis·
1628 1597 1793 1717 ltpppppoa
1811 1602 1814 1608 ’

561 1702 737 1863 mpffioe'
754 1696 790 1760 iu
806 1696 917 1761 dotem
939 1701 1141 1782 perpetuam,
1158 1699 1193 1760 et
1212 1698 1304 1760 carta
1318 1714 1379 1757 sua
1392 1691 1618 1778 sollempniter
1629 1681 1673 1786 ΕΘ
1683 1733 1774 1798 rucey.

562 1821 620 1865 con
698 1799 778 1864 avit.

563 2044 749 2115 Discordia
763 2052 856 2113 aeota
870 2051 916 2113 cot
930 2043 1024 2112 iuter
1038 2065 1128 2131 repes
1136 2044 1357 2111 Francorum
1371 2050 1402 2112 ct
1412 2042 1618 2130 Aspiciam.

395 2205 553 2266 Roawena
611 2193 737 2259 Eodem
752 2214 839 2259 anuo
862 2192 1008 2258 surrexit
1028 2191 1193 2258 discordia
1214 2192 1303 2257 inter
1325 2213 1418 2278 reges
1433 2191 1618 2278 Anglorum
1632 2199 1740 2262 errel

429 2272 456 2324 ἦ·
471 2278 526 2324 ¹⁹⁴·
566 2300 600 2363 et
624 2296 835 2373 Francorum,
861 2294 922 2361 hac
944 2294 985 2360 de
1008 2315 1114 2360 causa
1169 2294 1386 2372 Theobuldus,
1413 2315 1519 2359 comes
1545 2269 1765 2400 Ble·{'{{”k⁹{‚¹¹8⁸

565 2399 679 2480 sencio,
709 2420 810 2485 nepos
833 2397 971 2463 Henrici
1002 2397 1098 2484 regis,
1130 2402 1245 2462 contra
1273 2417 1384 2482 regem
1418 2395 1620 2462 Francorum
1631 2401 1664 2451 of
1669 2401 1789 2467 ungunt

564 2523 656 2566 arma
689 2506 898 2587 promoverat
910 2526 919 2581 ;
962 2499 999 2563 in
1041 2497 1135 2586 cujus
1173 2499 1336 2564 auxilium
1366 2521 1425 2564 rex
1457 2498 1621 2564 Henricus
1632 2470 1741 2586 Furinae.

566 2603 721 2668 militiam
743 2624 836 2668 suam
864 2600 1012 2690 [misit]‚³
1036 2607 1071 2667 et
1093 2622 1205 2688 regem
1221 2601 1433 2667 Lodowicum
1459 2621 1528 2667 non
1554 2622 1621 2666 me·

566 2704 722 2770 diocriter
744 2703 872 2770 afflixit
929 2703 1095 2769 Turbatus
1126 2725 1204 2791 ergo
1228 2725 1289 2768 rex
1315 2702 1529 2784 Francorum,
1546 2725 1622 2769 con-

565 2807 700 2873 vocavit
729 2808 766 2872 in
795 2829 892 2873 suum
922 2806 1085 2872 auxilium
1117 2806 1253 2871 comites
1283 2805 1558 2894 Andagavcnsem
1587 2812 1622 2872 et

566 2909 814 2986 Flandrensem,
845 2909 904 2996 qui
932 2908 1057 2996 pariter
1081 2907 1284 2994 juraverrmt
1313 2930 1348 2973 se
1378 2908 1449 2997 regi
1475 2908 1622 2975 Henrico

566 3013 808 3078 Normanniam
843 3011 1021 3087 ablaturos,
1053 3015 1089 3076 et
1121 3033 1194 3077 eam
1216 3009 1395 3090 Willelmo,
1429 3011 1499 3077 filio
1529 3010 1621 3077 ducis

567 3114 713 3192 Roberti,
747 3111 860 3178 fratris
895 3112 1035 3178 Henrici
1067 3113 1162 3199 regis,
1193 3113 1378 3191 collaturos,
1411 3114 1463 3178 cui
1496 3113 1622 3199 justius

566 3221 750 3303 competere
772 3215 957 3281 videbatur.
1004 3214 1077 3280 Rex
1100 3217 1213 3280 autem
1237 3215 1423 3302 Anglorum
1447 3215 1621 3292 Henricus,

567 3324 606 3385 ut
627 3319 681 3384 vir
703 3318 834 3405 sapiens
857 3322 892 3384 et
914 3316 1177 3404 circumspectus,
1205 3317 1325 3383 ascivit
1347 3318 1384 3383 in
1409 3340 1507 3384 suum
1537 3340 1642 3405 prae-v

567 3421 688 3486 sidium
711 3421 866 3486 comitem
900 3419 1086 3486 Britanniae
1110 3424 1145 3486 et
1167 3419 1393 3486 Theobaldum
1419 3421 1623 3509 praedictum,

567 3545 642 3589 cum
655 3522 783 3609 Anglis,
796 3522 1000 3587 Normannis
1016 3527 1050 3588 et
1066 3522 1239 3587 Britannis
1252 3547 1261 3603 ;
1283 3527 1318 3589 et
1332 3523 1379 3589 sic
1394 3524 1622 3603 adventantes,

547 3631 663 3692 tutus
700 3625 808 3690 minus
840 3624 1038 3713 expectabat
1071 3623 1106 3690 'et
1139 3625 1323 3691 adventum
1353 3626 1623 3692 adversariorum.

569 3727 643 3793 Rex
668 3748 748 3793 vero
771 3727 974 3792 Francorum
1009 3747 1084 3791 cum
1115 3725 1264 3814 praefatis
1292 3729 1559 3815 procuratoribus
1589 3733 1625 3795 et
1636 3731 1693 3784 Tne
1704 3732 1769 3800 ¹³⁰8

569 3828 717 3895 exercitu
750 3828 879 3916 copioso
914 3828 1158 3894 Normanniam
1192 3829 1368 3917 ingressus,
1404 3853 1480 3897 cum
1513 3831 1551 3896 in
1584 3799 1771 3917 eaffiffl

568 3933 628 3998 vix
650 3935 881 4019 pernoctasset,
908 3931 995 4018 regis
1017 3929 1204 4019 Anglorum
1229 3931 1412 3998 formidans
1442 3933 1624 4000 adventum
1635 3933 1792 4001 Nommdy.

446 4066 454 4077 ·
549 4039 604 4100 ·et
635 4033 842 4121 proditorum
872 4055 1006 4099 suorum
1035 4033 1244 4121 muscipulas,
1274 4035 1417 4101 imbellis
1453 4036 1623 4103 remeavit.

570 4136 760 4224 Eodemque
781 4157 878 4216 anno,
895 4157 954 4222 pro
978 4137 1173 4203 necessitate
1187 4136 1287 4225 regia,
1302 4137 1368 4204 fuit
1382 4139 1508 4226 Anglia
1522 4140 1624 4206 variis
1637 4152 1723 4203 Taxes
1733 4149 1781 4202 im-

569 4237 798 4306 exactionibus
819 4237 994 4326 depressa.⁴
1636 4217 1763 4352 {3⁰:3⁶ss

812 4487 863 4554 Dc
884 4486 1104 4555 couuuota'oac
1131 4485 1378 4556 commortua
1636 4587 1697 4641 AD

1699 4626 1705 4639 .
1719 4589 1793 4640 uu.

400 4648 558 4717 Roawend.
616 4639 715 4706 Anno
732 4638 870 4706 Domini
883 4641 1089 4720 u⁰.o⁰.xv11⁰.,
1113 4641 1272 4721 tonitrua,
1294 4640 1473 4730 grandines
1495 4645 1530 4709 et
1544 4664 1625 4710 ven·
1637 4672 1771 4738 Tem,

433 4719 461 4771 u.
475 4726 530 4776 ros.
551 4747 683 4816 'torum
713 4743 857 4830 impetus
890 4742 1167 4830 dampnosissimi,
1189 4750 1233 4827 et,
1265 4745 1302 4810 in
1337 4743 1568 4833 Longobardia
1591 4738 1781 4872 etffiffl'

606 4994 615 5025 ¹
626 4995 692 5062 m]
704 4994 823 5061 supplied
832 4995 897 5046 stom
908 4993 950 5046 W.
958 4997 993 5048 Δ.
1002 4994 1073 5048 (3.1).
1153 4996 1252 5063 'niait]
1266 4997 1389 5064 supplied
1397 4998 1626 5054 nomwscm.

570 5073 782 5204 su:eproeraruuteJ
811 5073 900 5140 Partly
920 5089 954 5126 on
971 5089 1004 5126 an
1021 5088 1074 5126 era-
1120 5074 1627 5205 ἰῃξοᾰιψηΛῳωηΝῃῑΜ
