4442 6392
625 1200 671 1248 Du
692 1199 852 1248 TEMPORE
874 1198 975 1247 REGIS
991 1198 1163 1246 WILLELMI
1187 1197 1348 1259 SECUNDI,
1363 1197 1429 1248 VIZ.
1446 1197 1539 1246 RUFI.
1572 1184 1612 1246 61

751 1446 801 1513 De
819 1446 1099 1534 peregrinatione
1121 1443 1218 1512 Petri
1239 1445 1434 1512 Heremias,

391 1617 552 1682 Rogwmd.
609 1587 689 1653 Post
705 1587 902 1653 Gualterum
925 1588 1042 1653 Petrus
1067 1587 1242 1653 Heremita
1263 1588 1390 1674 primus
1412 1588 1501 1652 viam
1524 1608 1616 1675 pere·
1630 1589 1699 1642 nl).
1714 1592 1786 1640 ¹⁰⁹⁶·

435 1685 463 1735 ἥ·
476 1689 515 1734 ⁶⁶·
563 1690 759 1777 grinationis
796 1691 947 1777 arripuit.
1015 1690 1214 1756 i'ranscursa
1249 1690 1355 1777 igitur
1392 1689 1614 1776 lothoringia,
1629 1680 1788 1801 maz

565 1793 755 1872 Franconia,
776 1793 920 1858 Bavaria
943 1800 977 1859 et
1000 1793 1146 1870 Austris,
1171 1815 1246 1858 cum
1272 1793 1333 1858 xla
1359 1793 1492 1857 milibus
1516 1792 1616 1858 bella·
1629 1815 1737 1867 Hermia

565 1903 677 1961 torum
715 1896 797 1961 fines
827 1896 943 1983 attigit
981 1896 1227 1983 Hungarorum.
1298 1893 1364 1975 Qui
1401 1894 1536 1959 tandem
1573 1895 1617 1960 ad

566 1997 819 2063 Malam-villam
849 1998 1087 2085 pervenientes,
1119 1998 1296 2063 audierunt
1323 1997 1537 2076 Christianos,
1561 1998 1617 2083 qui

567 2100 762 2167 Gualterum
774 2101 877 2166 secuti
890 2101 1143 2188 praecesserant,¹
1153 2107 1296 2188 stragem
1311 2099 1360 2165 ibi
1375 2122 1443 2165 non
1457 2101 1619 2165 modicam

567 2204 746 2290 pertulisse.
793 2204 840 2269 Et
854 2203 1006 2270 videntes
1028 2203 1133 2290 spolia
1156 2208 1192 2268 et
1214 2225 1307 2267 arma
1328 2224 1441 2268 eorum
1467 2203 1504 2266 in
1526 2224 1620 2268 muro

568 2306 723 2386 civitatis,
755 2305 850 2392 quasi
879 2327 938 2393 pro
969 2306 1119 2393 trophaeo
1144 2304 1334 2392 pendentia,
1352 2304 1447 2390 justa
1477 2306 1621 2370 succensi

398 2423 557 2489 sagmas.
568 2409 618 2473 ira
633 2409 675 2474 ad
698 2430 791 2473 arma
806 2408 991 2496 prosiliunt,
1009 2412 1044 2473 et
1059 2407 1175 2473 urbem
1190 2407 1354 2472 violenter
1367 2407 1620 2494 confringentes,

441 2491 468 2542 ἢ
481 2495 520 2543 ⁶⁷·
569 2512 691 2578 incolas
714 2532 808 2599 paene
838 2531 950 2577 omnes
984 2517 1044 2577 aut
1078 2509 1189 2597 gladio
1220 2509 1470 2588 interemerunt,
1498 2510 1621 2575 autin

569 2615 705 2680 flumine
744 2615 853 2680 vicino
890 2614 1126 2679 demerserunt.
1195 2611 1325 2700 Sisque,
1358 2614 1439 2678 urbe
1474 2613 1620 2690 subacta,

568 2740 598 2783 v.
624 2717 739 2782 diebus
761 2721 956 2782 manserunt
977 2716 1014 2781 in
1028 2738 1074 2782 ea
1121 2716 1241 2781 Petrus
1267 2737 1347 2781 vero
1373 2715 1510 2781 audiens
1533 2716 1621 2802 quod

569 2842 629 2886 rex
659 2820 843 2907 Hungariae
873 2820 916 2885 ad
938 2819 1124 2886 vindictam
1153 2841 1287 2884 suorum
1316 2818 1479 2884 militares
1512 2818 1621 2907 copias

569 2927 769 2999 convocaret,
808 2922 952 3009 legiones
989 2944 1065 2987 suas
1102 2921 1164 2986 sub
1203 2920 1294 2986 omni
1331 2921 1499 2987 celeritate
1532 2921 1623 2986 ultra

568 3026 701 3102 flumen,
732 3025 822 3111 quod
851 3024 1000 3090 vicinum
1030 3029 1110 3100 erat,
1142 3023 1313 3089 transferri
1347 3024 1514 3112 praecepit,
1547 3046 1622 3090 cnm

568 3128 726 3193 armentis
749 3133 785 3193 et
815 3126 982 3191 manubiis
1012 3125 1170 3192 civitatis.
1227 3125 1359 3191 Exinde
1382 3126 1466 3193 viiio.
1494 3128 1622 3194 dierum

568 3231 687 3295 itinere
716 3235 912 3307 transcurso,
938 3233 1015 3294 ante
1047 3228 1164 3293 urbem
1195 3226 1263 3292 Niz
1295 3229 1442 3295 turribus
1464 3235 1499 3294 et
1529 3251 1623 3295 muro

569 3332 782 3398 fortissimam
805 3331 981 3420 pervenit3
1014 3334 1057 3412 et,
1083 3334 1186 3418 ponte
1210 3331 1358 3396 fluminis
1387 3333 1529 3399 transito
1551 3333 1623 3398 vio·

569 3435 676 3502 lenter
711 3457 748 3501 ae
779 3435 930 3516 viriliter,
964 3437 1071 3500 castra
1100 3434 1178 3498 fixit
1207 3433 1339 3499 ibidem.
1385 3435 1533 3522 Indeque
1559 3436 1625 3502 iter

570 3538 757 3626 expediens,
788 3559 864 3603 curn
887 3559 963 3624 pars
996 3536 1101 3622 major
1132 3536 1298 3602 exercitus
1320 3538 1529 3623 praeterisset,
1553 3537 1624 3625 qui-

571 3642 647 3706 dam
670 3640 798 3706 turbati
824 3640 944 3727 capitis
966 3639 1007 3705 de
1031 3637 1223 3726 regionibus
1254 3639 1542 3719 Theutonieorum,
1564 3641 1624 3706 ali-

572 3745 769 3830 quantulum
807 3743 850 3808 ab
887 3742 1076 3829 agminibus
1105 3742 1365 3829 praeoedentium
1402 3744 1531 3824 remoti,
1568 3744 1625 3810 vii.

571 3846 760 3911 molendina
786 3844 888 3931 juxta
909 3849 1046 3931 pontem
1068 3849 1288 3909 memoratum
1318 3844 1418 3931 igne⁹
1440 3846 1625 3912 combusse-

571 3955 658 4014 runt
717 3950 824 4013 Erant
854 3953 968 4013 autem
990 3947 1055 4011 viri
1092 3947 1187 4033 quasi
1222 3970 1257 4025 c,
1280 3948 1346 4033 qui,
1369 3953 1409 4013 ut
1432 3971 1491 4015 suo
1521 3949 1625 4014 firrori

571 4051 808 4131 satisfacerent,
846 4050 1037 4137 adjecerunt
1073 4049 1118 4114 ad
1155 4050 1321 4136 propriam
1360 4051 1552 4132 miseriam3
1590 4056 1625 4117 et

572 4153 789 4240 quorumdam
812 4152 978 4217 domicilia
999 4153 1036 4216 in
1057 4151 1217 4217 suburbio
1244 4152 1352 4239 posite
1374 4157 1626 4234 concremantes,

572 4257 744 4323 commisso
781 4256 910 4337 scelere,
952 4255 1115 4321 exercitui
1152 4256 1353 4342 praecedenti
1388 4278 1455 4322 sese
1486 4256 1625 4344 jungere

573 4361 805 4448 properabant.
854 4360 903 4424 At
924 4380 1003 4424 vero
1032 4358 1178 4445 regionis
1210 4359 1299 4424 illins
1331 4358 1516 4440 dominus,³
1538 4361 1626 4447 quod

573 4463 695 4530 facturn
720 4462 827 4528 fuerat
850 4461 996 4548 indigne,
1020 4482 1081 4526 nec
1105 4461 1237 4539 mirum,
1251 4461 1367 4542 ferens,
1391 4461 1478 4527 cives
1501 4468 1627 4542 evocat,

573 4589 664 4631 arma
685 4565 828 4653 arripere
858 4564 919 4630 sub
946 4564 1055 4630 edicto
1085 4564 1284 4650 persuadet3
1323 4570 1357 4630 et
1387 4565 1456 4652 ipse
1481 4567 1626 4654 praevius

574 4692 648 4735 cum
680 4669 810 4757 ingenti
840 4667 988 4733 tumultu
1020 4666 1131 4732 hostes
1168 4666 1344 4745 insecutus,
1375 4674 1552 4755 antequam
1583 4668 1626 4734 ad

575 4772 813 4859 praecedentem
847 4770 1030 4836 exercitum
1060 4769 1260 4856 attigissent,
1283 4771 1439 4836 atrociter
1468 4772 1542 4838 illos
1576 4771 1628 4836 in-

611 5011 706 5060 'secun'
723 5008 914 5076 precesserant]
943 5021 1075 5071 praeccssc-
1158 5007 1246 5073 2ι’φιιε]
1266 5007 1329 5073 igni,
1340 5009 1397 5059 MS.
1407 5010 1457 5059 and
1467 5010 1498 5061 F.

576 5095 634 5140 rant
650 5089 813 5151 secutibis„
826 5090 873 5139 but
887 5087 1028 5138 markedto
1044 5087 1076 5136 bc
1157 5086 1300 5152 Μακέων]
1326 5087 1408 5139 incole
1428 5088 1552 5150 deminus,
1569 5088 1626 5140 MS.

577 5171 729 5235 usurparem
1126 5166 1217 5218 sndF.
