4442 6392
645 1161 706 1223 182
781 1171 946 1222 nimum
969 1167 1366 1222 ran1s1rrs1snlsma1a
1387 1168 1589 1221 mosenum

694 1455 695 1461 ’
731 1448 779 1515 Da
801 1446 942 1515 malitia
964 1445 1157 1534 Reuelpbi,
1179 1443 1330 1533 episcopi
1351 1442 1603 1513 Danaam.

475 1613 543 1663 Ar).
560 1615 631 1663 1100.
687 1598 809 1666 Tenuit
830 1605 941 1666 autem
964 1622 1002 1666 eo
1017 1604 1164 1689 tempore
1178 1618 1238 1664 rex
1252 1597 1289 1663 in
1303 1596 1454 1664 custodia
1470 1594 1692 1684 Ranulphum,
1705 1602 1864 1683 Ropwend.

476 1698 613 1763 Imprian-
642 1702 829 1792 episcopum
864 1703 1130 1785 Dunelmenscm,
1161 1700 1331 1769 hominem
1361 1721 1549 1790 perversum
1581 1704 1616 1766 et
1650 1699 1693 1765 ad
1738 1688 1766 1722 ¹¹'
1781 1677 1837 1723 ¹⁶⁵'

437 1885 440 1893 Ι
476 1765 588 1895 ffiffif
642 1827 738 1871 omne
760 1805 865 1872 scelus
886 1828 1027 1895 pronum
1051 1811 1084 1872 et
1107 1811 1281 1894 paratum3
1304 1827 1402 1892 quem
1424 1803 1527 1873 frater
1549 1801 1619 1891 ejus
1634 1809 1716 1869 rex‘

475 1898 606 2016 &sogpor
643 1906 827 1976 Willelmus
857 1909 1043 1998 episcopum
1077 1907 1200 1976 iecerat
1234 1908 1498 1987 Dunelmensem,
1529 1913 1565 1973 et
1601 1906 1713 1994 regni.

501 1980 532 2014 ur
565 1980 597 2015 n.
642 2011 774 2100 Angliae
795 2013 1054 2100 apporriatorem
1074 2015 1110 2078 et
1132 2010 1244 2099 potius
1258 2010 1494 2091 subversorem,
1518 2007 1615 2076 nam¹
1640 2011 1713 2075 vir.

642 2114 708 2180 fuit
731 2115 913 2181 cavillosus.
959 2116 1025 2196 Qui
1049 2138 1124 2181 eum
1147 2117 1217 2202 regi
1234 2115 1306 2200 jam
1335 2115 1424 2179 dicto
1450 2114 1549 2179 nimis
1578 2113 1694 2179 fuisset

641 2218 823 2301 familiaris,
846 2219 1064 2285 constituerat
1084 2241 1159 2284 eum
1181 2240 1241 2283 rex
1263 2216 1508 2305 W[illelmus],²
1531 2217 1608 2303 quia
1622 2217 1713 2303 qui·.

642 2319 725 2385 libet
749 2320 813 2386 sibi
836 2321 958 2386 similes
983 2321 1103 2407 quaerit
1127 2327 1304 2406 questores,
1329 2324 1575 2407 procuratorem
1597 2341 1714 2384 suum.

643 2424 679 2489 in
702 2445 813 2512 reguo,
828 2431 868 2491 ut
891 2424 1057 2507 evelleret,
1081 2423 1273 2502 destrueret,
1289 2430 1419 2510 raperet
1433 2429 1467 2489 et
1482 2424 1692 2511 disperderet,

474 2528 615 2585 Praemiu-
642 2531 677 2592 et
700 2527 811 2592 omnia
837 2527 993 2593 omnium-
1007 2528 1094 2593 bona
1123 2527 1166 2593 ad
1188 2528 1259 2593 fisci
1290 2523 1521 2593 commodum⁸
1550 2548 1695 2614 compor-

474 2599 622 2720 ffisrffl
645 2625 754 2693 taret⁴
797 2627 872 2708 Sed,
894 2635 1026 2695 mortuo
1052 2651 1129 2717 rege
1151 2629 1277 2716 iniquo,
1305 2633 1340 2695 et
1363 2629 1507 2694 Henrico
1530 2633 1693 2706 coronato,

473 2735 581 2853 {imi
622 2706 684 2797 'de
706 2733 872 2798 communi
895 2732 1031 2798 consilio
1053 2732 1166 2819 gentis
1191 2732 1378 2819 Anglorum
1401 2731 1612 2820 poeniteam
1635 2753 1694 2798 rex

475 2830 570 2920 meme:
642 2834 678 2899 in
702 2835 851 2900 vinculis
898 2836 964 2902 Sed
985 2857 1052 2901 una
1074 2836 1204 2902 dierum
1223 2834 1321 2914 cum,l
1344 2834 1536 2902 custodibus
1557 2834 1694 2901 terseris

642 2956 701 3022 per
724 2939 864 3003 eundem
887 2938 1126 3005 multiformem
1147 2938 1349 3025 proditorem
1372 2938 1553 3017 inebriatis,
1579 2944 1615 3004 et
1640 2960 1713 3024 pe.

642 3038 741 3104 cunia
755 3038 835 3105 data
857 3046 893 3106 et
914 3041 1060 3106 uberiori
1081 3042 1251 3129 promissa,
1274 3040 1441 3118 evasisset,
1456 3041 1531 3106 ilico
1552 3040 1635 3106 clam
1658 3041 1694 3105 in

475 3145 629 3214 Heempes
642 3141 881 3208 Nonnanuiam
905 3143 1163 3211 transfretavit⁰
1217 3145 1288 3211 Ubi
1319 3165 1380 3210 sua
1410 3144 1598 3210 detestabili
1623 3165 1694 3230 per·
1773 3216 1775 3221 .

473 3212 579 3345 ἓξὲξ
642 3244 791 3311 suasione
806 3246 923 3313 ducem
939 3247 1123 3314 Robertum
1138 3248 1326 3328 commovit,
1342 3247 1499 3314 incitavit
1514 3252 1549 3313 et
1563 3247 1714 3312 exacuit.

474 3347 676 3411 induciaria
698 3348 835 3414 fratrem
862 3371 958 3416 suum
981 3351 1226 3432 debellandum,
1249 3352 1402 3416 animans
1424 3372 1509 3429 eum,
1532 3356 1566 3416 et
1591 3350 1715 3415 domi.

474 3415 570 3536 iffi,
638 3449 732 3515 nium
747 3452 840 3538 regni
863 3453 1097 3521 indubitanter
1111 3455 1296 3543 pollicendo
1310 3478 1318 3537 ;
1342 3456 1385 3520 ad
1400 3453 1488 3541 quod
1511 3454 1581 3518 dux
1595 3453 1714 3518 nimis.

473 3550 619 3615 marchis
639 3554 790 3620 credulus
812 3557 918 3622 iactus
941 3557 1016 3623 est⁷
1039 3564 1074 3623 et
1096 3559 1268 3644 proclivus
1315 3558 1493 3623 Elevatum
1516 3557 1606 3622 euim
1623 3562 1713 3622 erat·

473 3614 582 3670 caue.
639 3677 695 3722 cor
708 3656 780 3743 ejus
803 3658 843 3724 de
866 3661 976 3746 gratia
999 3661 1203 3747 triumphali,
1221 3682 1319 3747 quam
1336 3661 1366 3725 ei
1381 3660 1546 3726 Dominus
1568 3681 1714 3725 conces.

474 3765 607 3820 Theduke
639 3766 727 3826 serat
742 3761 779 3826 in
798 3768 886 3828 terra
901 3763 925 3827 J
927 3763 1180 3844 erosolimitana
1228 3764 1395 3830 Praeterea
1416 3763 1530 3829 literas
1553 3764 1714 3829 occultas.

473 3833 610 3969 {ffissim
639 3865 682 3931 ad
705 3863 836 3953 Angliae
858 3872 1030 3955 magnates
1053 3866 1292 3945 transmittens,
1314 3867 1471 3954 allegavit
1495 3867 1583 3953 quod
1609 3872 1695 3934 esset

471 3967 538 4022 land
639 3967 879 4055 primogenitus
901 3970 1044 4036 filiorum
1067 3971 1155 4059 regis
1178 3969 1346 4050 Willelmi,
1371 3970 1428 4057 qui
1450 3969 1607 4057 Angliam
1631 3970 1695 4035 sibi

639 4070 884 4158 subjugaverat,
915 4079 950 4139 et
981 4073 1042 4139 hac
1075 4075 1205 4140 ratione
1237 4075 1279 4139 de
1310 4073 1387 4159 jure
1416 4073 1482 4139 sibi
1511 4078 1694 4162 competere

626 4194 777 4261 *regnum
791 4175 924 4263 Angliae
946 4176 1143 4256 affirmabat,
1170 4181 1206 4243 et
1230 4176 1339 4264 ipsum
1363 4177 1711 4264 nequite1·supplan-·

639 4281 749 4342 tatum
763 4277 873 4358 fuisse,
896 4277 979 4343 dum
1002 4277 1074 4345 Deo
1089 4279 1127 4344 in
1149 4281 1251 4347 Terra
1274 4272 1398 4348 Sancta
1419 4279 1585 4346 fructuose
1607 4279 1712 4344 mili--

640 4384 738 4458 taret,
760 4382 975 4467 protestando
1010 4381 1099 4468 quod
1133 4382 1218 4450 nulli
1247 4383 1346 4451 debet
1376 4405 1436 4450 sua
1465 4383 1556 4450 fraus
1582 4388 1710 4471 patro·-

639 4504 750 4547 emam.

691 4668 950 4678 ...u-m-*a--n--n-
959 4672 1006 4678 -..-.
1014 4673 1147 4681 .....-—---
1154 4674 1317 4682 ...—..-.-·—.-
1334 4674 1470 4683 ..η-οσσ-

674 4795 863 4858 ¹subveracrem‚
879 4797 951 4863 cam]
971 4798 1055 4849 There
1072 4798 1094 4849 is
1111 4814 1145 4848 an
1223 4797 1400 4866 ’macredmnj
1419 4801 1560 4862 comodum,
1572 4799 1628 4851 MS.

640 4891 739 4927 erasure
752 4877 778 4925 in
790 4876 832 4926 the
844 4885 907 4937 text,
919 4879 965 4928 but
977 4878 1018 4929 the
1039 4877 1145 4944 reading
1222 4881 1231 4910 ⁴
1243 4880 1417 4947 comportaret]
1437 4888 1604 4945 conpos-taret,
1616 4880 1673 4931 MS.

639 4956 662 5004 is
680 4955 793 5019 supplied
805 4955 832 5005 in
843 4971 932 5021 marg..
941 4959 990 5007 and
1008 4959 1145 5009 confirmed
1164 4917 1167 5015 l
1221 4959 1308 5023 ἐιιιιι]
1328 4959 1476 5020 interlined

639 5035 674 5100 by
685 5034 714 5083 F.
1164 5020 1167 5107 Ε
1220 5040 1428 5105 Ηναηψείαυίί]
1449 5039 1614 5099 tranfretavit,
1627 5037 1684 5091 MS.

672 5114 682 5144 ²
698 5111 858 5181 replemus]
878 5114 1025 5168 interlined.
1164 5166 1168 5191 r
1220 5119 1324 5182 'sulus
1335 5119 1383 5185 eat]
1403 5121 1495 5171 Added
1507 5120 1533 5171 in
1545 5136 1625 5186 marga
