4442 6392
583 1181 630 1230 or
652 1178 811 1230 rsuroan
833 1179 933 1230 arms
956 1178 1129 1230 wiennam
1151 1178 1313 1244 sacuam,
1337 1179 1403 1228 vrz.
1419 1179 1512 1228 surr.
1544 1166 1606 1229 121

560 1346 745 1420 Willelmus
767 1354 807 1420 de
837 1350 1024 1436 Avinione‚¹
1061 1374 1134 1420 oum
1169 1354 1421 1441 quamplurimis
1444 1359 1610 1420 tractuum
1623 1356 1779 1409 A·D·1⁰⁹8·

560 1459 754 1524 eorumdem
813 1456 855 1522 In
885 1457 953 1523 acie
982 1479 1060 1522 vero
1091 1456 1293 1535 duodecima,
1326 1480 1399 1543 quae
1434 1457 1611 1524 novissima

549 1566 632 1626 „erat
660 1566 695 1627 st
733 1561 848 1628 ceteris
885 1560 1009 1637 fortior,
1041 1561 1226 1626 moderator
1255 1561 1322 1625 fuit
1348 1561 1501 1627 dominus
1527 1561 1611 1626 Boa-

559 1663 710 1741 mundus,
745 1686 819 1729 cum
857 1663 925 1729 suis
961 1663 1108 1749 sequelis,
1139 1669 1179 1729 ut
1210 1663 1283 1743 hiis,
1323 1665 1380 1748 qui
1419 1664 1538 1729 fortius
1569 1664 1611 1728 ab

558 1765 708 1832 hostibus
722 1770 951 1854 gravarentur,
967 1766 1132 1832 auxilium
1148 1767 1353 1854 impenderet
1369 1766 1611 1855 opportunum.²

559 1870 723 1936 Comitem
760 1871 877 1957 utique
914 1869 1148 1943 Tholosanum.
1180 1870 1239 1957 qui
1272 1870 1385 1936 valida
1414 1868 1611 1957 aegritudine
1625 1876 1682 1927 The
1693 1884 1771 1926 count

556 1973 769 2060 gravabatur,
793 1972 828 2036 in
856 1972 937 2038 urbe
965 1972 1165 2040 dimiserunt
1189 1974 1232 2038 ad
1258 1974 1327 2059 ejus
1357 1974 1550 2052 custodiam,
1572 1977 1612 2035 ut
1623 1943 1780 2061 fgssffm

559 2074 649 2152 hiis‚³
671 2076 729 2162 qui
751 2081 847 2141 erant
870 2077 906 2140 in
921 2076 1073 2163 praesidio
1095 2076 1255 2163 superiori
1279 2077 1387 2142 adbuc
1409 2076 1552 2153 rebelles,
1577 2076 1612 2140 in
1624 2078 1705 2155 aperi
1716 2076 1759 2127 ¹¹¹0

472 2186 478 2191 ’
541 2180 711 2253 ,absentia
731 2179 925 2266 principum,
941 2179 1022 2244 urbe
1045 2201 1158 2257 vacua,
1180 2180 1373 2267 reprimeret
1387 2181 1474 2246 idem
1495 2200 1611 2255 comes,
1624 2149 1685 2208 crty.

541 2302 637 2354 :cum
667 2281 709 2347 iis
743 2282 801 2368 qui
835 2281 928 2368 ejus⁴
966 2283 1066 2348 nutui
1095 2281 1318 2368 subjacebant
1365 2283 1471 2349 Erunt
1499 2289 1610 2350 autem

393 2403 551 2481 respuas.
563 2385 722 2474 permixti
754 2384 1016 2473 praecedentibus
1046 2386 1166 2451 turmis
1204 2387 1390 2452 sacerdotes
1427 2394 1460 2452 et
1490 2386 1612 2463 levitae,

429 2471 456 2520 ¹³·
471 2476 524 2521 ¹²¹·
563 2488 677 2555 amica
701 2488 795 2553 saus
817 2487 909 2565 aba
941 2489 1071 2576 sgnum
1103 2489 1218 2555 osea
1244 2488 1395 2555 masura
1417 2489 1612 2576 bajulantes.

393 2609 439 2660 rol.
452 2615 482 2661 rr
495 2628 519 2660 a.
565 2591 630 2672 Qui
653 2597 766 2657 autem
796 2590 833 2655 iu
855 2591 937 2656 urbe
966 2596 1201 2670 remanserant,
1234 2592 1270 2657 in
1300 2591 1445 2657 lacrimis
1475 2597 1509 2658 et
1541 2615 1613 2659 ora-
1665 2599 1667 2603 ’

544 2694 712 2762 ‚tionibus
734 2693 956 2759 devotissimis
978 2701 1235 2781 perseverantes,
1251 2702 1321 2762 tam
1345 2695 1497 2761 mulieres
1513 2719 1612 2782 quam

545 2797 637 2876 .viri,
676 2796 734 2883 qui
771 2797 919 2862 imbelles
950 2797 1004 2862 vel
1033 2797 1213 2863 imbecilles
1245 2805 1350 2875 erant,
1381 2820 1493 2864 muros
1523 2799 1614 2863 urbis

564 2901 790 2980 ascenderunt,
821 2922 879 2989 pro
913 2900 1019 2966 salute
1049 2901 1163 2989 populi
1193 2901 1313 2989 spiritu
1343 2901 1507 2967 indefesso
1539 2924 1614 2988 sup-

546 3005 730 3091 plicantes,
747 3008 787 3068 ut
809 3024 869 3089 pro
885 3004 1006 3069 nostris
1022 3003 1217 3070 dimicarent
1232 3005 1443 3081 orationibus,
1461 3005 1615 3070 manibus

481 3189 487 3198 ι
544 3108 605 3172 .ad
629 3106 736 3172 Deum
759 3105 906 3184 elevatis,
934 3105 1103 3185 efficacius,
1127 3108 1247 3194 quibus
1271 3109 1382 3174 minus
1406 3108 1513 3175 fuerat
1536 3131 1614 3175 usus

546 3230 732 3275 ,armorum
755 3207 987 3275 materialium.

676 3453 724 3517 De
746 3474 819 3518 rore
842 3448 961 3518 coeleati
984 3449 1192 3518 tractatoris
1214 3450 1330 3518 colluto
1353 3453 1501 3540 desuper.

397 3613 553 3683 Rogarem.
610 3604 742 3670 Accidit
773 3610 893 3682 autem,
929 3603 1017 3690 quod
1048 3624 1257 3689 nequaquam
1287 3603 1429 3668 arbitror
1463 3608 1740 3690 matare-Amita-

421 3685 450 3736 ii.
464 3692 519 3737 ¹²¹·
566 3709 700 3785 undum,
717 3707 806 3792 quod
829 3707 963 3793 quidam
986 3727 1039 3772 ros
1060 3704 1275 3771 suavissimus
1298 3706 1340 3771 de
1355 3707 1504 3792 supernis
1518 3728 1615 3793 super
1625 3681 1781 3798 gssss‘ffl'

565 3810 673 3896 ipsum
695 3815 846 3876 nostrum
868 3809 1049 3875 exercitum
1069 3808 1370 3896 incomparabiliter
1391 3809 1538 3895 placidus
1561 3809 1659 3875 de-on
1671 3813 1721 3892 a·

564 3915 698 3990 scandit,
722 3921 761 3979 ut
784 3913 877 3999 quasi
898 3912 933 3977 in
957 3935 994 3978 eo
1017 3912 1278 3978 benedictionem
1301 3934 1393 3976 suom
1417 3918 1452 3977 et
1473 3911 1614 3999 gratiam
1627 3881 1776 3932 mumma.

564 4017 692 4082 coelitus
707 4017 849 4104 elapsam
864 4015 1034 4081 videretur
1048 4015 1211 4080 Dominus
1226 4014 1429 4080 nostratibus
1448 4014 1614 4080 infudisse.

564 4120 635 4186 Nec
657 4120 762 4185 solnm
792 4116 980 4185 hominibus
1010 4118 1067 4184 sed
1099 4122 1134 4183 et
1160 4117 1251 4204 equis
1274 4117 1370 4204 vigor
1391 4116 1543 4183 insolitus
1565 4118 1615 4182 ita

565 4223 690 4288 infusus
705 4228 763 4300 est,
787 4222 906 4308 utqui
928 4227 1027 4288 antea
1049 4244 1108 4309 per
1130 4222 1251 4287 multos
1275 4221 1344 4286 dies
1366 4243 1432 4285 non
1455 4221 1521 4286 nisi
1535 4221 1614 4287 folia

518 4394 521 4399 4
565 4332 600 4390 et
630 4326 764 4391 cortices
794 4326 949 4390 arborum
979 4324 1189 4390 comederant
1211 4345 1271 4412 pro
1302 4323 1432 4410 pabulo,
1457 4329 1529 4389 tota
1559 4323 1613 4391 die

565 4428 623 4496 illa
645 4452 744 4516 equos
778 4428 924 4494 hostium
959 4435 993 4493 et
1025 4429 1192 4500 celeritate
1225 4429 1393 4494 vincerent
1424 4431 1459 4492 et
1492 4426 1612 4494 labore.

567 4619 587 4626 .-
595 4617 1546 4628 -oeo-——a--ffl-—oen
1563 4620 1610 4625 -,...

601 4734 751 4800 ¹Acinione]
798 4734 832 4783 So
859 4734 913 4784 also
940 4732 989 4792 F.;
1019 4735 1065 4783 but
1109 4733 1182 4798 They
1191 4734 1234 4793 all,
1243 4734 1366 4795 however,
1374 4734 1611 4799 haveadifferenrly

565 4813 667 4875 Amans,
678 4814 721 4865 W.
732 4816 765 4864 A.
779 4815 808 4864 C.
821 4815 853 4864 D.
1108 4815 1268 4864 constructed
1276 4823 1399 4876 sentence,
1408 4814 1575 4880 requiringus
1584 4813 1611 4863 in

598 4894 791 4960 ²opportunam]
811 4901 970 4958 oportunum,
981 4892 1038 4941 MS.
1109 4892 1153 4942 the
1163 4893 1235 4956 place
1246 4892 1277 4942 of
1290 4901 1324 4952 ar,
1337 4894 1386 4942 and
1404 4909 1433 4944 so
1443 4895 1572 4945 corrected
1583 4892 1611 4941 in

599 4974 680 5038 ’aim
699 4975 748 5024 We
766 4974 856 5024 should
873 4973 995 5038 probably
1006 4972 1066 5022 bere
1112 4971 1176 5020 lidd.
1189 4971 1240 5019 and
1252 4971 1311 5021 edit.
1324 4971 1417 5022 Wend.

566 5055 627 5104 read
647 5053 698 5104 illos
718 5069 747 5103 or
766 5052 826 5112 tor,·
845 5055 891 5103 but
906 5052 955 5102 tiis
971 5052 994 5100 is
1010 5052 1066 5101 bor·
1147 5049 1231 5114 tejus]
1251 5050 1344 5101 Added
1354 5065 1387 5100 on
1399 5058 1425 5100 to
1436 5051 1479 5101 tbe
1491 5059 1552 5101 text.

566 5135 650 5186 rowed
660 5135 723 5184 from
732 5133 782 5196 W,
790 5133 840 5184 and
851 5148 879 5183 so
887 5133 913 5183 in
922 5132 955 5182 Α.
962 5133 990 5184 C.
998 5130 1066 5182 DJ.
