4442 6392
663 1160 706 1223 34
783 1172 949 1223 uirrsnr
971 1172 1183 1225 narmiensis
1205 1173 1372 1225 maroam
1394 1174 1597 1226 morosum.

500 1346 788 1426 All-1⁰⁸⁷·corum,
814 1353 925 1433 spreto
952 1349 1096 1434 corporis
1125 1350 1277 1434 periculo,
1315 1351 1495 1429 succendit,
1528 1356 1563 1415 et
1595 1351 1738 1414 multas.

498 1427 657 1544 ,Hhffiffl
670 1471 783 1515 eorum
804 1455 909 1515 terras
931 1450 1025 1515 ferali
1055 1453 1252 1518 exterminio
1281 1453 1479 1519 devastavit.
1537 1454 1594 1517 Ira
1615 1453 1739 1540 igitur.

499 1560 625 1625 territur
671 1574 787 1638 corpus
809 1575 905 1618 suum
931 1558 1040 1619 totum
1070 1555 1222 1620 admixta
1251 1555 1356 1621 labori
1386 1561 1420 1621 et
1449 1557 1566 1622 mortis
1588 1562 1739 1641 tempus·

669 1653 883 1741 anticipavit¹
940 1656 1050 1720 Auxit
1081 1658 1182 1722 etiam
1220 1658 1427 1744 aegritudinis
1460 1660 1655 1737 molestiam,
1687 1662 1740 1722 et.
1757 1666 1892 1746 svend

668 1757 739 1842 ejus
761 1780 871 1823 casum
893 1759 1096 1839 acceleravit,
1113 1761 1200 1846 quod
1224 1759 1428 1846 ejusequus²
1443 1762 1586 1847 amplam
1601 1762 1722 1826 fossam
1775 1739 1854 1785 ¹¹‘²⁹'

668 1862 866 1942 transiliens,
901 1862 1060 1928 interiora
1093 1863 1164 1949 ejus
1193 1863 1343 1950 dirupit.³
1391 1864 1573 1951 Rcaumpto
1607 1870 1721 1929 tamen

669 1962 790 2049 spiritu
819 1971 853 2030 et
884 1969 1053 2052 assumpto
1087 1964 1204 2031 salutis
1223 1966 1354 2044 viatico,
1386 1965 1625 2031 Normanniam
1656 1967 1721 2030 Ro·

500 2065 660 2146 Hedisslm
671 2065 791 2131 barto*
812 2066 883 2132 filio
906 2089 974 2147 suo,
997 2089 1064 2132 non
1086 2072 1201 2133 tamen
1228 2069 1382 2134 benivolo
1405 2070 1503 2135 corde
1527 2070 1581 2134 vel
1604 2090 1742 2134 sereno·

500 2133 641 2250 wana
671 2167 793 2249 vultu,⁶
815 2168 988 2255 delegavit,
1009 2169 1186 2256 indignum
1208 2191 1284 2235 eum
1305 2177 1465 2257 reputans
1486 2173 1590 2259 regali
1612 2171 1742 2258 digni..

500 2272 646 2317 demuma
670 2275 750 2336 tate.
796 2270 862 2336 Sed
883 2293 943 2336 nec
960 2272 1030 2358 ipse
1053 2272 1218 2337 Robertus
1240 2273 1349 2359 ipsum
1372 2275 1530 2340 ducatum
1552 2281 1741 2361 gratanter·

500 2333 621 2384 maana
670 2374 832 2460 suscepit3
867 2379 1097 2439 verumtamen
1127 2380 1167 2439 ut
1191 2379 1319 2460 patrem
1352 2382 1485 2462 pacaret
1514 2377 1742 2454 moriturum,-

669 2481 704 2541 et
733 2476 863 2542 solvens
889 2475 1153 2542 maledictionem
1181 2477 1289 2542 eidem
1314 2478 1410 2542 daret
1436 2477 1743 2555 benedictionem‚⁰·

668 2581 820 2667 promisit
848 2580 879 2645 ei
908 2578 1212 2646 Jerosolimitanam
1242 2582 1540 2667 peregrinationem
1563 2603 1623 2669 pro
1654 2581 1741 2666 ejus-

668 2685 781 2748 anima
811 2683 985 2771 magnifica
1015 2705 1268 2762 consummare3
1306 2684 1394 2770 quod
1424 2690 1459 2749 et
1487 2685 1524 2748 in
1554 2690 1742 2770 posterum·

669 2786 853 2873 complevit.
899 2785 1066 2852 Willelmo
1096 2792 1209 2852 autem
1240 2785 1326 2850 Rufo
1360 2786 1430 2852 filio
1464 2809 1523 2852 suo
1555 2787 1742 2874 Angliam,·

670 2888 793 2955 scilieet
823 2894 1038 2976 conquestum
1069 2911 1174 2968 suum,
1213 2889 1419 2976 assignavit3
1455 2891 1643 2978 supplicans
1684 2894 1741 2955 ut·
1811 2964 1815 2975 .

669 2991 804 3078 Anglos,
827 3013 910 3078 quos
935 2992 1111 3057 crudeliter
1136 2997 1172 3056 et
1194 2992 1299 3057 veluti
1321 2992 1472 3081 ingratus
1495 2993 1580 3058 male
1602 2997 1741 3059 tracta--

670 3099 777 3174 verat,
808 3095 923 3158 mitius
950 3094 1144 3160 confoveret.
1202 3095 1422 3161 Possessiones
1447 3117 1526 3161 vero
1557 3101 1744 3161 maternas·

707 3355 812 3405 ¹Inthe
822 3354 921 3419 margin
932 3355 1047 3421 opposite
1058 3354 1082 3404 is
1092 3355 1175 3404 added
1218 3354 1398 3415 exhilaritus*
1422 3354 1573 3406 confortavit
1599 3371 1665 3414 eum,
1696 3361 1721 3405 et

673 3435 717 3485 the
735 3435 867 3500 following
884 3442 961 3485 note:
980 3435 1057 3484 “Istc
1073 3433 1175 3484 Willel·
1218 3435 1299 3484 erexit
1314 3450 1371 3484 eum
1386 3434 1414 3482 in
1427 3450 1495 3498 spem
1509 3436 1602 3484 bonam
1619 3434 1661 3498 qui
1681 3435 1724 3483 de-

673 3528 738 3575 mus,
783 3521 936 3579 conquestor
977 3513 1090 3578 Angliae,
1130 3527 1177 3562 rex
1218 3521 1331 3576 speratus
1341 3512 1431 3574 fuerat,
1452 3520 1477 3563 et
1496 3515 1631 3577 desperans
1646 3513 1726 3562 multa

675 3593 914 3655 christianissimus,
937 3593 1052 3643 fundarit
1074 3592 1101 3642 ii.
1127 3608 1177 3643 οω-
1219 3593 1287 3642 mala
1308 3598 1516 3655 perpetraveram
1538 3599 1563 3641 et
1585 3592 1666 3641 sicin
1680 3607 1726 3641 ex-

674 3673 751 3722 nobic
767 3673 870 3734 nobilis,
881 3673 999 3723 videlicet
1015 3674 1047 3722 de
1057 3672 1139 3733 Bello,
1150 3671 1177 3720 in
1220 3671 1306 3721 nemu
1334 3671 1536 3721 communionem
1573 3672 1601 3720 in
1630 3670 1727 3722 Christi

674 3753 787 3817 partibus
824 3752 928 3817 Anglire
956 3751 1125 3808 orientalibus,
1154 3757 1179 3799 et
1220 3750 1335 3800 bonitate
1346 3751 1474 3801 confidens
1486 3750 1607 3815 accepit”
1635 3751 1726 3800 Lover

675 3831 768 3892 Selebi,
785 3831 1013 3897 oc[c]identalibus
1026 3832 1052 3890 ;”
1070 3828 1178 3878 beneath
1221 3831 1296 3880 down
1307 3831 1330 3879 is
1341 3831 1422 3880 added
1439 3845 1466 3879 as
1486 3829 1602 3879 follows:
1621 3834 1637 3858 ‘⁴
1647 3830 1728 3893 Super

674 3910 761 3961 which
779 3910 800 3961 is
822 3911 930 3970 written,
949 3908 1045 3958 “Nota
1063 3908 1179 3972 peritiam
1222 3909 1290 3959 hunc
1309 3910 1402 3970 locum,
1426 3909 1578 3958 ‘Curremus
1601 3909 1628 3957 in
1651 3910 1728 3958 odore

674 3991 828 4056 maioris.
855 3990 971 4040 Primum
995 3987 1113 4037 fundavit
1134 4001 1180 4050 pro
1221 3996 1407 4053 unguentorum
1423 3989 1535 4038 tuorum'
1553 3987 1641 4053 [Cant
1654 3987 1671 4036 i.
1683 3989 1725 4054 3],

675 4071 781 4120 victoria
797 4075 907 4135 optenta,
924 4069 1061 4119 secundum
1078 4081 1124 4130 pro
1141 4080 1178 4124 eo,
1223 4064 1286 4113 dicit
1303 4071 1412 4124 sanctus,
1430 4063 1498 4125 ‘Qui
1521 4079 1547 4112 se
1565 4061 1628 4126 petit
1650 4063 1724 4122 trahi,

677 4149 881 4214 quodquendnm
897 4146 945 4197 sibi
963 4144 1180 4210 consanguinitate
1219 4141 1325 4206 J‘amjam
1359 4142 1484 4192 trahitur!
1528 4142 1579 4191 Hic
1608 4140 1725 4192 recitavit

675 4229 843 4294 propinquum
870 4242 967 4278 venerm
995 4224 1125 4282 occiderit,
1148 4223 1179 4272 ti·
1222 4222 1377 4286 episcopus.”

676 4321 793 4358 meusne
820 4309 903 4372 ipsum
920 4307 952 4356 de
974 4320 1052 4370 regno
1074 4303 1179 4368 Anglioe
1255 4300 1365 4366 ψη]
1379 4316 1447 4365 equs,
1459 4300 1517 4351 MS.

677 4386 1010 4453 supplantaret,velducatu,
1019 4384 1060 4433 vel
1066 4391 1179 4447 utroque,
1256 4375 1383 4441 'dirupiq
1405 4375 1520 4438 dirrupit,
1530 4374 1587 4425 Ms.

677 4466 737 4530 quia
764 4465 951 4516 strenuissimus
979 4463 1034 4513 fuit.
1058 4462 1099 4512 De
1130 4476 1179 4525 quo
1255 4453 1396 4520 ⁴Roberto]
1426 4452 1503 4504 From
1525 4453 1575 4503 this
1597 4455 1668 4503 word
1695 4454 1725 4504 F.

677 4553 780 4609 peccato
808 4560 866 4594 cum
887 4559 914 4594 se
939 4542 1068 4593 confessus
1091 4540 1179 4589 fuisset
1222 4534 1470 4600 againsgreeswith
1480 4534 1523 4582 the
1534 4540 1597 4590 text,
1608 4533 1654 4582 but
1665 4534 1726 4597 only

677 4623 956 4688 nullomodofpoenitere
965 4622 1005 4672 vel
1017 4636 1089 4685 posse
1097 4619 1178 4684 poeni·
1224 4629 1252 4662 us
1265 4614 1307 4663 far
1315 4629 1343 4664 as
1354 4612 1479 4679 oblipoait,
1490 4629 1517 4676 p.
1528 4617 1568 4660 36.

676 4709 738 4764 tere,
747 4703 921 4753 sciscitabatur
935 4707 1037 4751 sanctus
1047 4699 1180 4764 episcopus
1256 4691 1359 4757 θωὴν]
1373 4691 1592 4752 Asterthisvord,
1603 4689 1725 4740 Neman-

678 4784 806 4832 confessor
816 4783 877 4846 ejus,
889 4782 911 4831 si
923 4781 1043 4830 doluisset
1052 4780 1121 4845 quod
1131 4779 1179 4828 hoc
1223 4774 1289 4822 amm
1300 4772 1322 4822 is
1332 4773 1449 4836 repeated
1459 4771 1486 4820 in
1497 4770 1540 4819 the
1550 4770 1659 4834 margin.

679 4877 730 4911 non
746 4861 835 4925 potuit,
851 4867 877 4910 et
894 4861 914 4909 si
933 4862 1042 4925 placeret
1061 4859 1085 4909 ei
1100 4858 1180 4922 poeni-
1256 4850 1474 4916 ‘benedictionenj
1487 4849 1581 4899 Before
1593 4849 1645 4899 this
1656 4851 1726 4899 word

678 4939 1180 5005 meposserltaponditquodmultum
1223 4938 1247 4979 ct
1267 4931 1314 4981 has
1332 4931 1395 4980 been
1413 4928 1558 4988 interlined,
1579 4931 1631 4978 and
1652 4930 1726 4978 afler-

677 5021 759 5070 doluit
780 5021 848 5084 quod
870 5033 922 5069 non
944 5019 1028 5082 potuit
1049 5019 1133 5068 dolere
1155 5023 1181 5067 st
1224 5013 1305 5061 warde
1316 5012 1409 5061 erased

677 5100 787 5150 dolendo
798 5098 928 5162 poenitere,
939 5099 1007 5163 quod
1016 5098 1100 5161 ipsum
1111 5112 1181 5161 pere-

677 5179 731 5230 mit
776 5177 918 5243 Episcopus
936 5176 1016 5243 igitur
1034 5190 1109 5241 super
1131 5175 1180 5226 hoc
1352 5190 1364 5213 ·
1384 5189 1594 5241 mmm,
