4442 6392
614 1145 679 1208 124·
744 1157 910 1209 MATTHAEI
932 1157 1144 1209 Pamsmuffls
1168 1157 1333 1208 HISTORIA
1355 1156 1552 1208 ANGLORUM.

444 1342 513 1398 Am.
529 1349 600 1398 roas.
614 1343 786 1404 ventorum
810 1338 990 1425 imperator
1013 1335 1174 1403 Dominus
1188 1335 1211 1402 J
1213 1337 1318 1414 hesua,
1342 1335 1400 1423 qui
1415 1337 1500 1402 sicut
1514 1334 1598 1400 mari
1614 1335 1662 1399 ita
1673 1375 1689 1390 .-

612 1426 647 1506 et
668 1441 778 1507 ventis
798 1441 949 1527 imperat,
973 1447 1111 1507 ventum
1134 1461 1210 1506 cum
1231 1440 1364 1529 ignibus
1384 1439 1422 1504 in
1442 1460 1587 1526 paganos
1612 1460 1661 1502 re-

611 1550 778 1629 torquens,
793 1543 971 1608 excaecavit
986 1543 1136 1624 eosdam;
1160 1548 1196 1610 et
1217 1564 1276 1630 per
1297 1541 1446 1630 proprias
1464 1539 1680 1627 muscipulas·

611 1645 790 1732 illaqueati,
815 1645 1002 1711 ceciderrmt
1024 1646 1061 1711 in
1083 1646 1211 1712 foveam
1243 1633 1342 1732 quam
1368 1644 1443 1709 aliis
1467 1643 1681 1709 eruderave-

610 1755 695 1813 rant.
742 1748 842 1814 Unde
864 1749 900 1813 in
921 1749 1033 1837 fugam
1060 1749 1245 1836 praecipites
1271 1748 1420 1814 conversi
1441 1747 1562 1835 seipsos
1585 1769 1661 1812 con-

609 1851 837 1938 glomerantes,
866 1852 948 1917 vitae
968 1853 1109 1940 propriae
1140 1853 1262 1940 raptim
1284 1852 1459 1918 consulunt
1489 1855 1524 1916 ct
1552 1849 1680 1916 saluti·

611 1952 701 2034 Quos
723 1954 853 2021 militiae
874 1954 1039 2042 principes
1069 1954 1267 2022 Christianae
1296 1955 1415 2020 acriter
1441 1955 1660 2041 insequentes,

609 2057 652 2121 ad
674 2079 734 2122 sua
756 2059 889 2145 agmina
911 2057 1003 2144 prius
1025 2058 1187 2124 dissoluta
1209 2058 1369 2124 violenter
1390 2080 1555 2124 recurrere
1575 2078 1661 2122 com·

610 2161 790 2246 puleruut;
811 2162 973 2228 caedentes
996 2183 1050 2228 eos
1073 2161 1197 2248 absque
1219 2161 1343 2249 pietate
1359 2160 1528 2246 usquead
1550 2181 1661 2225 eorum

609 2264 762 2342 tentoria,
777 2264 835 2330 ubi
857 2286 991 2331 auorum
1013 2263 1170 2350 majorem
1192 2263 1424 2330 fortitudinem
1447 2285 1514 2329 esse
1545 2285 1662 2351 cogno·

610 2365 752 2432 scebant.
799 2365 987 2433 Obstabant
1001 2368 1105 2454 igitur
1121 2367 1248 2433 ibidem
1270 2366 1368 2432 Turci
1386 2366 1477 2432 omni
1492 2389 1558 2452 qua
1572 2371 1662 2452 pote·
1673 2379 1832 2461 ngwenu.

609 2475 685 2535 rant
700 2469 826 2535 virtute
846 2470 1084 2558 urgentissima
1131 2470 1232 2536 Unde
1247 2470 1324 2536 hinc
1337 2471 1479 2556 indeque
1494 2475 1661 2556 resumpto
1676 2516 1683 2528 .
1699 2462 1725 2500 ¹¹·
1740 2455 1795 2500 ¹²³·

610 2572 729 2659 spiritu
751 2573 901 2639 redivivo
924 2574 1078 2652 audaciae,
1101 2574 1239 2639 scientes
1262 2574 1349 2660 quod
1373 2574 1505 2660 praeciae
1527 2594 1579 2637 res
1601 2593 1679 2655 pro·

610 2675 716 2761 capite
731 2677 900 2763 agebatur,
916 2698 1124 2765 congressum
1146 2678 1264 2742 ineunt
1286 2676 1557 2742 cruentissimum.
1603 2674 1693 2740 In-·.

610 2778 691 2865 cipit
706 2779 809 2865 igitur
830 2779 902 2865 jam
924 2781 1103 2857 conflictus,
1126 2780 1352 2846 extrahuntur
1373 2779 1476 2866 gladii
1499 2778 1680 2865 sanguine·

611 2881 686 2947 hinc
708 2881 850 2968 indeque
865 2883 1060 2961 inebriandi,
1082 2882 1283 2949 resonabant
1305 2905 1406 2949 aeneae
1422 2881 1563 2948 cassides
1579 2880 1680 2946 mal·-

610 2984 669 3050 lais
700 2986 813 3050 ferreis
844 2991 878 3052 et
907 2980 1119 3053 mucronibus
1155 3007 1360 3073 repercussae,
1393 2992 1435 3059 et,
1466 2991 1505 3050 ut
1534 2984 1680 3051 malleis·
1804 3029 1812 3051 2

610 3086 717 3152 solent
739 3089 884 3170 incudes,
900 3088 1116 3155 emicantibus
1140 3088 1308 3155 scintillis¹
1325 3088 1531 3155 resonabant.
1579 3088 1679 3152 Fran
1705 3090 1748 3140 fol.
1763 3092 1793 3141 2⁷
1806 3085 1830 3140 b·

609 3212 669 3277 gor
691 3191 868 3273 hastarum,
885 3193 1029 3259 tinnitus
1050 3192 1242 3280 gladiorum,
1264 3193 1406 3280 gemitus
1428 3213 1680 3279 percussorum,-

610 3316 768 3380 equorum
798 3295 963 3362 tumultus
1001 3317 1265 3382 compressorum,
1296 3295 1487 3361 vociferatio
1517 3318 1585 3361 sese
1617 3295 1678 3359 ad.

610 3397 774 3464 invicem²
796 3397 1062 3478 cohortantium,³
1083 3399 1194 3465 fumus
1214 3399 1462 3477 anhelantium,⁴
1485 3399 1566 3463 moti
1589 3399 1680 3484 pul·

610 3501 696 3566 veris
723 3523 873 3568 ascensus
897 3501 1118 3580 turbulentus,
1141 3525 1217 3568 aera
1247 3501 1415 3588 usquead
1441 3500 1544 3566 nubes
1574 3524 1678 3566 com·-

611 3610 787 3670 moverunt
798 3600 821 3685 ;5
851 3606 952 3670 immo
976 3605 1076 3671 etiam
1099 3606 1142 3671 ad
1161 3605 1351 3672 memoriam
1375 3605 1516 3682 redacta,
1539 3605 1680 3671 nedum·

610 3707 691 3788 visa,
714 3707 857 3774 hominis
887 3708 1147 3775 constantissimi
1169 3731 1223 3774 cor
1246 3706 1412 3795 impellere
1443 3707 1486 3773 ad
1509 3709 1679 3773 timorem·

610 3808 785 3897 poterant⁰
807 3811 861 3876 vel
883 3811 1055 3878 horrorem.
1102 3812 1191 3877 Hinc
1214 3813 1303 3877 enim
1326 3810 1429 3897 aliqui
1451 3811 1679 3877 mucronibus·

609 3914 928 3995 transverberantur,
943 3914 1020 3980 binc
1035 3913 1101 3993 alii,
1119 3914 1212 4000 quasi
1227 3913 1394 3980 verubus⁷
1409 3913 1522 3991 altilia,
1538 3913 1680 3978 lanceis·

609 4019 819 4105 perforantur
832 4041 841 4098 ;
863 4017 940 4084 hinc
954 4018 1004 4083 illi
1019 4017 1230 4094 decollantur,
1247 4017 1323 4083 hinc
1345 4016 1402 4082 alii
1418 4017 1641 4083 eviscerantur
1651 4040 1680 4097 3·

609 4121 686 4187 hinc
708 4121 758 4186 illi
773 4121 1034 4198 excerebrantur,
1051 4120 1128 4186 hinc
1149 4119 1207 4185 alii
1230 4120 1451 4186 exoculantur.
1500 4119 1680 4186 Nonnulli·

610 4247 747 4311 quoque,
764 4224 917 4290 manibus
931 4230 991 4290 aut
1005 4224 1144 4311 pedibus
1159 4225 1346 4290 detruncati
1361 4229 1395 4289 et
1410 4224 1498 4290 sellis
1521 4224 1659 4311 expulsi,
1673 4263 1680 4277 ·

610 4329 671 4393 sub
694 4350 853 4415 equorum
879 4328 1018 4415 pedibus
1042 4327 1296 4407 conculcantur3
1320 4328 1420 4393 umbo
1443 4327 1586 4393 umbone
1613 4350 1680 4393 re·-

609 4430 750 4518 pellitur,
781 4453 874 4497 enses
904 4430 1036 4496 ensibus
1066 4431 1338 4517 repercutiuntur,
1370 4432 1492 4497 clamor
1522 4433 1679 4497 clamore·

609 4535 808 4601 retunditur.
863 4534 933 4600 Nec
965 4534 1122 4601 recolitur
1153 4542 1228 4622 post
1250 4539 1399 4621 tempora
1422 4533 1542 4600 diluvii
1564 4555 1681 4622 gene·

1036 4706 1158 4714 *—
1352 4708 1360 4713 .
1391 4707 1426 4712 ψ-ψ-
1444 4705 1661 4714 -----μ-.-.

643 4804 787 4872 ’.ςσίιιῑίἱϋε]
807 4804 986 4865 cindlliablS.
1132 4806 1135 4825 ¹
1189 4805 1396 4871 'commoverem
1425 4805 1462 4856 At
1482 4807 1537 4856 first
1560 4805 1659 4855 written

643 4886 777 4951 ²r'noicem]
798 4886 885 4952 Partly
897 4901 929 4935 on
942 4901 974 4936 an
985 4899 1094 4936 erasure.
1134 4902 1136 4962 q
1156 4901 1308 4942 commouere,
1326 4887 1372 4935 but
1390 4902 1416 4935 rc
1439 4887 1589 4949 expuncted,
1612 4887 1661 4935 and

644 4969 653 4995 ³
664 4965 852 5032 colaortcnlr'um]
900 4963 1111 5025 chohortantium,
1158 4963 1196 5014 cel
1205 4972 1263 5013 rant
1274 4965 1416 5015 interlined.

611 5041 667 5096 tls.
1191 5046 1201 5074 ⁸
1210 5044 1339 5111 poterant]
1359 5045 1451 5094 Added
1462 5045 1488 5094 in
1497 5058 1577 5110 marg.

644 5128 652 5157 ⁴
663 5123 840 5192 salutantium]
854 5125 1035 5188 hanelantium,
1045 5125 1100 5177 MS.
1192 5123 1328 5189 ’παύω
1347 5124 1458 5186 veribus,
1472 5124 1527 5176 MS.
