4442 6392
635 1162 679 1231 78
755 1180 923 1229 sermm
946 1181 1162 1230 PARISIENSIS
1184 1180 1349 1230 HISTORIA
1369 1178 1570 1230 morosus.

465 1377 534 1435 AD.
549 1386 621 1435 1097.
632 1367 792 1444 tractatis,
825 1373 958 1454 sumpta
995 1368 1038 1432 ab
1076 1369 1274 1454 imperatore
1310 1369 1454 1447 lieentia,
1492 1369 1535 1432 ad
1573 1367 1687 1433 urbem

633 1470 824 1556 praedictam
857 1469 1011 1556 pervenit
1033 1470 1130 1536 velox
1160 1476 1195 1536 et
1216 1470 1411 1557 expeditus;
1442 1475 1478 1535 et
1508 1470 1624 1536 ceteris
1654 1492 1688 1534 se

632 1572 835 1659 principibus
857 1572 1062 1640 obsidionem
1084 1573 1261 1660 agentibus
1283 1579 1334 1638 est
1357 1571 1560 1657 conjunctus.

656 1898 811 1982 Qualiter
834 1899 906 1965 dec
929 1897 1091 1965 Robertes
1114 1899 1207 1966 venit
1229 1898 1277 1965 od
1299 1898 1509 1965 obsidionem
1531 1899 1662 1965 Ntcccce.

463 2066 566 2128 Robert,
677 2060 825 2126 Audiens
851 2084 928 2148 ergo
955 2063 1024 2126 dux
1051 2062 1319 2127 Normannorum
1343 2061 1515 2138 Robertus,
1537 2061 1685 2126 Nicaeam
1696 2067 1853 2148 Rogwend.

462 2135 622 2268 Qoffidy,
633 2164 747 2228 urbem
770 2186 791 2228 a
811 2164 1022 2250 principibus,
1045 2165 1103 2251 qui
1125 2166 1235 2251 ipsum
1260 2170 1501 2251 praecesserant,
1522 2163 1594 2249 jam
1616 2186 1684 2228 esse
1740 2153 1767 2188 ¹¹·
1780 2142 1819 2186 ⁸¹·

463 2269 588 2319 aevaneea
633 2266 801 2332 obsidione
838 2267 1006 2348 vallatam,
1044 2268 1234 2334 convocatis
1271 2267 1335 2333 viae
1371 2289 1438 2334 suae
1471 2265 1684 2344 consortibus,

461 2334 564 2466 {313ssss
565 2345 621 2386 ‘⁸¹¹'
632 2369 766 2436 sarcinis
797 2370 994 2456 compositis,
1027 2369 1070 2435 ad
1108 2392 1198 2436 mare
1234 2370 1410 2436 descendit.
1473 2369 1519 2434 Et
1550 2390 1686 2447 moram,

632 2493 731 2556 quam
762 2469 883 2539 fecerat
912 2471 948 2536 in
977 2473 1110 2559 Apulia,
1138 2473 1299 2538 redimere
1330 2471 1473 2559 cupiens,
1497 2470 1686 2536 cumomni

630 2573 874 2660 tranquillitate
903 2574 1061 2661 Yllyrico,
1095 2574 1299 2657 Macedonia,
1332 2580 1367 2640 et
1398 2580 1539 2661 utraque
1571 2573 1687 2639 Traeis

630 2676 835 2759 transcursis
861 2676 1185 2765 Constantinopolim
1215 2677 1373 2765 pervenit.
1420 2675 1490 2743 Ubi
1511 2677 1554 2742 ab
1583 2676 1686 2764 impe·

629 2785 738 2846 ratcre
761 2777 904 2845 Alexic¹
936 2780 1116 2846 honorifice
1139 2785 1285 2861 vocatus,
1307 2801 1397 2846 more
1427 2779 1567 2845 aliorum
1597 2779 1687 2867 prin·

629 2881 737 2967 cipum
773 2882 980 2960 fidelitatem,
1014 2886 1085 2947 tam
1123 2882 1193 2968 ipse
1223 2904 1321 2968 quam
1352 2881 1488 2948 comites
1519 2881 1578 2968 qui
1610 2903 1685 2947 cum

628 2983 699 3071 ipso
721 2989 891 3064 venerant,
915 2984 977 3049 sub
999 2984 1106 3049 forma
1127 2984 1277 3050 fecerunt
1299 2988 1492 3073 praetaxata
1539 2983 1702 3050 Venerat·

628 3091 742 3152 autem
772 3087 842 3153 dux
872 3109 948 3151 cum
977 3087 1095 3174 majori
1124 3092 1159 3152 et
1188 3086 1344 3154 nobiliori
1370 3087 1538 3163 comitatu,
1562 3093 1597 3153 et
1621 3088 1703 3153 ele-·

463 3194 581 3273 Glnsre
632 3189 766 3276 gantius
803 3190 949 3271 armatis,
979 3212 1078 3276 quam
1118 3188 1237 3277 aliquis
1267 3195 1457 3257 ceterorum.
1519 3189 1619 3256 Unde
1649 3190 1703 3254 in.

460 3263 620 3379 pffinom
633 3290 824 3379 ampliorem
846 3294 988 3381 gratiam
1012 3299 1171 3380 receptus,
1188 3293 1225 3358 in
1247 3315 1335 3371 auro,
1351 3294 1501 3359 vestibus
1522 3293 1686 3380 pretiosis,

461 3410 542 3459 peror.
631 3396 721 3460 vasis
752 3402 820 3462 tam
850 3396 990 3462 artificio
1016 3419 1116 3482 quam
1146 3395 1287 3462 materia
1316 3395 1534 3463 admiratione
1565 3396 1685 3484 dignis,

631 3497 793 3564 olosericis
817 3505 852 3565 et
873 3500 1019 3586 gemmis,
1045 3501 1132 3565 dona
1155 3499 1299 3587 suscepit
1325 3500 1368 3564 ab
1392 3499 1555 3587 imperiali
1576 3500 1687 3564 muni·

631 3601 764 3667 ficentia
789 3603 939 3688 protinus
969 3603 1124 3668 uberiora
1136 3630 1145 3683 ;
1176 3625 1249 3689 quae
1279 3601 1398 3668 merito
1429 3603 1686 3669 occidentalibus

460 3684 612 3805 ffissfflg
630 3703 883 3770 admirationem
909 3710 1116 3792 generarunt.
1163 3705 1301 3786 Deinde,
1325 3709 1458 3794 sumpta
1480 3705 1524 3770 ab
1547 3704 1686 3793 impera-

460 3822 590 3884 pont,and
631 3811 702 3872 tore
724 3805 867 3885 licentia,
882 3808 1024 3874 transito
1040 3805 1266 3894 Hellesponto,
1282 3808 1318 3873 id
1340 3812 1398 3884 est,
1416 3807 1555 3873 Brachio
1571 3808 1703 3874 Sancti.

459 3887 610 4005 ppeehesto
626 3901 791 3996 Georgii?
813 3931 888 3976 cum
910 3910 977 3975 suis
999 3909 1184 3996 legionibus
1210 3908 1360 3976 Nicaeam
1382 3910 1557 3996 pervenit3
1587 3932 1696 4007 quem:

629 4012 791 4100 principes
816 4012 926 4100 ipsum
956 4018 1167 4100 expectantes
1198 4034 1273 4078 cum
1303 4035 1425 4100 magna
1454 4012 1629 4080 devotione
1652 4019 1686 4080 et

629 4115 750 4203 gaudio
772 4115 1011 4203 amplexantur.
1058 4115 1134 4201 Ipse
1156 4115 1261 4204 igitur
1283 4115 1362 4196 dux,
1390 4121 1425 4181 et
1455 4116 1513 4202 qui
1542 4139 1617 4182 eum
1647 4139 1686 4183 eo

629 4223 732 4299 erant,
756 4217 864 4286 locum
888 4218 953 4284 sibi
975 4219 1171 4306 deputatum
1195 4240 1233 4284 ac
1256 4222 1461 4285 reservatum
1486 4221 1684 4306 optinentes,

630 4327 737 4386 eastra
765 4321 937 4410 magnifice
969 4326 1168 4387 statuerunt.
1229 4320 1295 4386 Hic
1332 4321 1438 4408 igitur
1469 4322 1612 4409 primum
1642 4345 1685 4413 es
1696 4334 1853 4415 Rogwene.

459 4449 585 4501 Nolana·
624 4423 768 4510 ,diversis
794 4424 991 4512 regionibus,
1015 4425 1138 4512 linguis
1160 4429 1195 4489 et
1217 4423 1408 4489 nationibus
1431 4425 1596 4491 exercitus
1620 4426 1684 4491 Dei
1741 4419 1767 4453 ¹¹·
1780 4409 1820 4454 ⁸²·

458 4517 599 4634 rimu&
630 4524 776 4592 viventis
809 4532 1034 4615 congregatus,
1065 4527 1128 4594 sub
1158 4532 1248 4592 certa
1277 4528 1523 4614 computatione
1554 4534 1604 4595 cst
1633 4529 1683 4592 in-

458 4649 579 4702 Mcoeam.
631 4635 753 4694 ventus
790 4629 917 4695 habens
952 4631 1103 4717 peditum
1138 4635 1268 4697 secenta
1297 4629 1397 4711 milia,
1428 4631 1577 4716 equitum
1606 4652 1685 4698 vero

630 4731 842 4798 loricatorum
873 4739 1006 4800 eentum
1029 4733 1130 4799 milia.
1178 4732 1244 4813 Qui
1271 4754 1382 4798 omnes
1408 4733 1446 4798 in
1471 4736 1581 4821 girum
1603 4757 1685 4821 pne-

662 5046 781 5114 ¹Alerio]
812 5048 845 5099 A.
868 5048 896 5098 in
916 5048 959 5099 the
981 5056 1054 5108 texts
1085 5046 1155 5182 δια.
1210 5047 1259 5098 ²r'd
1280 5055 1316 5098 eet
1403 5048 1519 5119 Georgii]
1539 5052 1635 5104 Added
1658 5052 1686 5102 in

627 5125 714 5177 Alexio
726 5128 845 5194 iumnrg.
1175 5141 1264 5194 marg„
1275 5131 1322 5180 but
1332 5127 1442 5182 inserted
1454 5130 1482 5181 ln
1494 5138 1550 5183 text
1560 5133 1627 5185 ors.
