4442 6392
789 1179 836 1230 nn
857 1179 1017 1230 mannaan
1040 1177 1141 1230 arms
1164 1177 1341 1230 ernamur.
1523 1170 1584 1232 281

534 1355 576 1419 de
608 1354 697 1419 facili
734 1355 1004 1441 opprimerentur.
1066 1354 1111 1419 Et
1150 1376 1229 1430 cccc,
1268 1353 1375 1419 dietus
1414 1353 1587 1430 Saldanus‚
1600 1364 1669 1416 aa).
1684 1370 1757 1416 1146.

534 1455 650 1521 harum
682 1457 838 1536 conscius,
861 1457 978 1521 videns
1013 1456 1221 1522 Christianos
1248 1457 1285 1520 in
1307 1462 1449 1542 angusta
1472 1455 1587 1520 solitu·
1601 1445 1692 1563 Df‘fg‘

535 1559 622 1623 dinis
643 1558 713 1624 loca
737 1558 910 1639 demersos,
934 1558 1034 1623 irruit
1065 1559 1102 1623 in
1135 1581 1189 1624 eos
1222 1581 1289 1624 non
1322 1531 1731 1644 praemeditat053‘dhraian

536 1666 569 1726 et
591 1667 662 1726 tam
684 1662 755 1748 ipse
787 1683 887 1746 quam
919 1661 972 1725 sui
988 1662 1105 1760 'armis
1139 1662 1303 1726 instantes
1325 1661 1363 1724 in
1386 1661 1479 1746 equis
1502 1649 1760 1766 ‘'elffgdiiauunder

535 1764 635 1839 cibus,
661 1763 780 1850 quibus
810 1763 932 1851 pabula
958 1785 1026 1828 non
1052 1762 1199 1840 deerant,
1229 1764 1396 1829 Romanos
1426 1764 1534 1828 lentos
1558 1768 1593 1828 ct
1707 1752 1713 1764 ’

535 1867 635 1931 armis
668 1872 814 1944 onustos,
845 1887 947 1950 equos
980 1865 1143 1931 habentes
1176 1866 1334 1953 fatigatos
1360 1871 1394 1931 et
1417 1866 1591 1945 famelicos,

535 1991 596 2034 neo
617 1969 769 2034 hostibus
803 1969 955 2034 resistere
990 1990 1050 2034 neo
1081 1969 1227 2035 cumeis
1257 1969 1413 2056 congredi
1435 1970 1593 2045 valentes,

536 2071 740 2160 dissiparunt
763 2075 798 2136 et
821 2073 980 2148 vicerunt,
1005 2077 1039 2136 ct
1065 2077 1210 2158 stragem
1233 2093 1275 2136 ex
1299 2071 1346 2136 eis
1372 2071 1593 2136 miserabilem

535 2174 744 2256 confecerunt
766 2178 801 2239 et
824 2173 1018 2238 inauditam.
1078 2174 1218 2239 Factum
1245 2180 1295 2239 est
1326 2179 1438 2240 autem
1465 2176 1592 2239 occulta

517 2275 601 2342 ,Dei
630 2276 765 2362 judicio,
793 2284 811 2310 “
826 2277 919 2361 eujus
941 2277 1006 2341 viae
1029 2275 1279 2362 investigabiles
1305 2282 1384 2342 sunt
1411 2282 1446 2342 et
1463 2277 1593 2363 judicia

530 2379 666 2445 abissus
699 2377 846 2457 multa·‚’'¹
886 2385 926 2444 ut
960 2379 1004 2461 de
1031 2379 1243 2466 septuaginta
1276 2381 1412 2445 milibus
1442 2381 1592 2466 equitum

536 2482 756 2562 loricatorum,
780 2485 815 2547 et
838 2481 878 2547 de
901 2486 997 2547 tanta
1031 2481 1181 2568 pediturn
1216 2504 1325 2560 manu,
1349 2504 1490 2568 quorum
1522 2490 1593 2547 erat

536 2607 694 2651 numerus
717 2584 811 2670 quasi
834 2585 996 2660 infinitus,
1014 2585 1073 2649 vix
1095 2585 1225 2650 decima
1247 2607 1322 2671 pars
1338 2587 1501 2661 evaderet,
1517 2584 1591 2650 aliis

535 2689 630 2767 fame,
660 2688 733 2752 aliis
762 2687 883 2774 gladio,
906 2687 1075 2753 nonnullis
1097 2687 1202 2752 etiam
1224 2687 1364 2753 vinculis
1386 2688 1590 2774 mancipatis

536 2790 653 2856 Evasit
668 2797 782 2855 tamen
803 2791 985 2877 imperator
1008 2812 1082 2856 cum
1098 2790 1211 2877 paneis
1234 2790 1438 2877 principibus
1453 2791 1530 2868 suis,
1555 2795 1590 2855 et
1604 2789 1753 2856 Theempe·

534 2915 608 2957 cum
632 2892 824 2958 difficultate
847 2892 952 2959 nimia
975 2894 1123 2959 Nicaeam
1145 2915 1248 2978 usque
1279 2893 1432 2979 pervenit
1462 2893 1506 2957 ad
1536 2916 1589 2958 ur-
1602 2872 1769 2976 ffiffl's

534 2996 616 3060 bem.
664 2995 810 3080 Indeque
827 2995 1151 3082 Constantinopolim
1167 2995 1340 3080 profectus,
1356 2996 1405 3061 ibi
1419 3017 1524 3081 usque
1546 2996 1589 3062 ad
1602 2991 1759 3069 accensan-

536 3098 706 3183 sequentis
728 3099 816 3163 veris
838 3098 975 3163 initium
999 3097 1255 3185 perendinavit.2
1606 3059 1710 3123 ωορκ·

570 3388 766 3477 Imperator
791 3389 973 3458 Ouaradaa
996 3389 1056 3457 aia
1077 3390 1221 3458 cuadcaa
1248 3391 1340 3459 acuit
1363 3390 1566 3458 Jerusalem.

367 3553 526 3635 Ropwend
585 3542 682 3607 Anno
721 3543 858 3609 Domini
905 3557 1152 3611 M⁰.c0.x1.0.vl1⁰.
1191 3543 1371 3630 imperator
1408 3544 1588 3625 Com-adua,
1602 3556 1671 3607 al).
1688 3560 1760 3607 1147.

402 3628 497 3675 m·
537 3643 643 3710 hieme
666 3652 861 3724 transcursa,
885 3647 1027 3712 navibus
1042 3645 1198 3711 devectus
1213 3668 1287 3711 cum
1310 3647 1378 3711 suis
1400 3646 1442 3711 ad
1457 3653 1590 3734 portum
1602 3648 1769 3712 Heproceeds

538 3748 691 3834 pervenit
714 3748 950 3813 Achonensem.
997 3747 1043 3812 Et
1067 3748 1147 3814 inde
1171 3749 1402 3814 Jcrosolimam
1417 3749 1589 3835 proiectus,
1603 3715 1745 3833 ffim'

538 3870 656 3938 aroge
687 3850 905 3931 Baldeuuino,
929 3851 1078 3937 cleroque
1102 3851 1250 3918 civitatis
1277 3851 1336 3917 ac³
1362 3852 1492 3939 populo,
1517 3874 1591 3918 eum

538 3952 696 4038 hymnis⁴
718 3959 753 4020 et
769 3953 905 4020 laudum
921 3953 1058 4020 canticis
1072 3953 1108 4018 in
1132 3961 1278 4021 sanctam
1302 3955 1495 4041 perducitur
1510 3955 1593 4020 civi·

537 4060 650 4122 tatem.

564 4308 637 4375 Rea
658 4310 877 4376 Fraacmaaa
903 4306 1102 4376 Lodawicaa
1125 4308 1292 4397 sequitur,
1316 4307 1374 4376 aad
1398 4333 1422 4376 a
1450 4309 1571 4379 'Parcis

951 4412 1190 4500 coasaaditar.

366 4567 526 4646 Ropwend.
585 4558 659 4640 Qua
682 4559 798 4647 utiquc
822 4565 969 4647 tempore
992 4558 1196 4636 Lodowicus,
1221 4558 1423 4622 Francorum
1446 4580 1516 4636 rer,
1532 4557 1592 4622 im-
1604 4571 1766 4637 Progressa

400 4635 428 4686 ὴ·
441 4641 497 4687 ²⁴¹·
539 4667 721 4750 peratorcm
744 4670 883 4740 secutus,
908 4667 983 4749 post
998 4662 1113 4749 longos
1136 4662 1266 4726 viarum
1289 4654 1424 4742 labores,
1447 4662 1489 4725 ad
1505 4661 1592 4726 vada
1602 4639 1754 4771 misach

539 4856 866 4864 ——.----..-·-.0
1190 4853 1479 4860 —wmfl-
1488 4854 1549 4860 .---
1576 4856 1586 4860 -

571 4971 638 5044 ’Ἐμ
664 4981 697 5031 ad
719 4979 792 5030 Rom.
819 4978 856 5030 xi.
867 4983 908 5029 33.
932 4979 983 5027 and
1006 4978 1048 5027 Pa
1116 4975 1183 5044 2ac]
1202 4992 1225 5039 a,
1237 4976 1295 5028 MS.

542 5076 626 5111 xxxv.
640 5063 662 5110 7.
1117 5055 1246 5122 'hymnffl
1265 5056 1360 5122 ymnis,
1372 5055 1428 5108 MS.

570 5143 581 5172 ²
588 5139 776 5207 perendinavit]
785 5136 987 5204 perhendinavit,
994 5135 1050 5187 MS.
