4442 6392
661 1159 703 1223 96
776 1171 944 1223 narrum
966 1172 1180 1223 ranrsmusm
1204 1173 1366 1223 meream
1389 1173 1592 1224 suenorum

493 1350 561 1401 Aa).
576 1354 646 1406 1097.
660 1368 834 1433 pauperem
858 1347 1067 1434 peregrinum
1099 1348 1230 1413 invenit
1260 1347 1401 1413 ramalia
1432 1351 1712 1434 comportantem

660 1472 757 1536 quern
780 1473 875 1516 ursus
897 1453 1013 1537 ingens
1035 1455 1070 1516 et
1092 1452 1248 1517 horrendi
1263 1451 1407 1537 corporis
1422 1452 1605 1538 fugientem
1628 1450 1713 1514 inse-

659 1574 763 1639 quens
777 1561 817 1618 ut
832 1553 1010 1631 devoraret,
1026 1553 1208 1640 periculum
1223 1553 1418 1619 imminens¹
1435 1576 1559 1640 pauper
1572 1553 1713 1618 clamore

658 1660 867 1742 protestatur.
921 1656 1002 1721 Dux
1024 1661 1137 1721 autem
1157 1678 1335 1743 pauperem
1361 1657 1559 1722 clamantem
1585 1655 1712 1741 conspi-

658 1759 747 1824 ciens
770 1764 803 1824 et
825 1759 942 1846 rapido
964 1781 1062 1825 eursu
1084 1759 1278 1846 fugientem,
1309 1760 1511 1846 compatitur
1539 1759 1712 1846 peregrino

652 1859 724 1946 jam
746 1861 887 1927 abelus
909 1861 1116 1940 devorand03
1139 1861 1225 1946 quo²
1248 1862 1405 1927 velociter
1427 1862 1577 1942 accurrit,
1593 1862 1711 1927 educto

656 1962 776 2049 gladio,
799 1969 839 2029 ut
862 1985 957 2050 opem
980 1964 1081 2028 ferret
1105 1963 1317 2050 periclitanti
1362 1963 1487 2030 Videns
1513 1985 1591 2051 ergo
1615 1985 1710 2027 ursus

657 2064 772 2131 ducem
814 2066 923 2154 gladio
957 2066 1148 2144 instantem,
1187 2072 1297 2153 spreto
1334 2069 1514 2154 peregrino,
1554 2067 1709 2132 dentibus

656 2174 803 2233 armatus
826 2174 860 2233 et
886 2169 1063 2254 unguibus,
1096 2168 1133 2233 in
1156 2169 1283 2234 hostem
1307 2190 1341 2234 se
1364 2169 1507 2234 contulit
1531 2169 1706 2234 fortiorem.

656 2269 805 2335 Tandem
828 2270 906 2350 dux,
923 2271 980 2357 qui
1005 2277 1086 2336 tunc
1109 2271 1220 2336 omine
1244 2272 1381 2358 ancipiti
1407 2272 1496 2337 solus
1519 2277 1599 2348 erat,
1623 2292 1725 2356 equo.

656 2372 832 2438 crudeliter
855 2373 1028 2438 vulnerato
1054 2378 1089 2438 et
1118 2373 1279 2458 praedicto
1307 2396 1450 2460 paupere
1480 2397 1547 2439 non
1577 2395 1725 2459 compa·

656 2479 759 2555 rente,
790 2496 866 2541 curn
896 2475 1032 2541 inermis
1061 2474 1186 2555 firiaset,
1217 2466 1346 2542 letifero
1376 2477 1488 2565 patuit
1517 2476 1728 2542 discrimini.-

658 2576 761 2642 Pedes
787 2577 891 2664 igitur·
916 2578 1061 2659 effectus,
1093 2578 1205 2666 gladio
1230 2600 1301 2644 rem
1325 2579 1445 2666 agebat
1467 2579 1706 2666 magnanimus.

657 2677 766 2745 Ursus
791 2685 912 2761 autem,
935 2682 1050 2767 patulo
1074 2681 1140 2747 oris
1166 2680 1253 2746 rictu
1282 2685 1317 2746 et
1346 2703 1513 2746 murmure
1537 2702 1708 2747 occurrens

656 2780 816 2859 horribili,
856 2783 948 2848 ducis
978 2783 1200 2848 constantiam
1238 2783 1490 2870 parvipendens,
1518 2788 1708 2870 contempto

656 2884 776 2970 gladic,
803 2885 925 2951 nititur
940 2906 974 2950 se
990 2885 1139 2951 cominus
1161 2886 1309 2972 ingerere
1337 2885 1561 2973 repugnanti.¹
1607 2887 1708 2951 Porro

657 2987 727 3051 dux
748 2988 928 3053 irruentem
951 3010 972 3051 a
993 3009 1028 3052 se
1049 2987 1182 3053 beluam
1204 2987 1384 3074 propellere
1399 2988 1509 3075 gladio
1532 2988 1614 3053 totis
1628 2988 1708 3052 nisi-

657 3089 720 3154 bus
742 3091 878 3166 instans,
901 3112 1056 3156 mucrone
1081 3113 1153 3155 earn
1181 3090 1351 3177 perfodere
1375 3091 1570 3173 nitebatur3
1592 3113 1707 3157 verum

657 3213 754 3257 ursus
776 3192 923 3277 gladium
940 3192 1118 3273 declinans,
1141 3197 1176 3258 et
1191 3192 1307 3258 ducem
1331 3192 1473 3258 brachiis
1496 3193 1709 3280 amplexum⁴

657 3295 895 3381 constringens,
919 3297 956 3360 in
982 3296 1088 3360 solum
1117 3294 1279 3381 dejicere⁵
1303 3295 1493 3376 conabatur,
1519 3303 1558 3362 ut
1587 3298 1649 3362 sub
1676 3318 1709 3362 se

657 3397 803 3483 positum
828 3397 986 3463 dentibus
1008 3403 1118 3486 posset
1146 3404 1181 3464 et
1205 3397 1373 3484 unguibus
1396 3399 1529 3465 laniare.
1584 3399 1708 3464 Verum

657 3500 751 3565 miles
766 3505 922 3566 strenuus
945 3507 979 3566 et
989 3500 1118 3565 viribus
1140 3500 1280 3587 integris
1294 3501 1463 3579 solidatus,
1480 3502 1564 3568 laeva
1578 3503 1710 3567 beluam

568 3631 570 3637 ·
656 3604 855 3689 complexus,
895 3604 1014 3670 dextra
1052 3602 1225 3691 gladium⁰
1264 3605 1440 3692 immergit,
1479 3610 1514 3670 et
1552 3606 1710 3692 impingit

656 3705 847 3771 immersum
872 3707 988 3793 capulo
1011 3710 1120 3784 tenus,
1143 3712 1187 3787 et,
1218 3707 1365 3793 eliquato
1389 3708 1518 3795 copioso
1540 3709 1708 3796 sanguine,

656 3821 796 3873 mortem
811 3809 935 3896 ingerit
950 3809 1136 3875 reluctanti.
1182 3808 1320 3874 Saucius
1334 3815 1447 3875 tamen
1462 3811 1533 3876 dux
1547 3817 1582 3877 et
1597 3832 1709 3876 cruore

651 3933 832 3998 respersus,
857 3911 1131 3998 periculosissime
1157 3934 1288 3999 quoque
1313 3913 1515 3995 vulneratus,
1539 3919 1709 3980 cruentam

655 4013 755 4107 nirnis
787 4037 825 4080 ae
852 4014 1023 4081 fortuitam
1049 4015 1225 4080 victoriam
1256 4015 1460 4102 reportavit;
1491 4017 1580 4082 unde
1605 4017 1710 4081 nimia

657 4116 828 4203 sanguinis
855 4117 1013 4183 effusione
1040 4117 1243 4198 debilitatus,
1271 4118 1315 4183 ad
1345 4119 1472 4185 sodales
1497 4141 1566 4184 non
1597 4119 1709 4206 potuit

657 4241 809 4286 remeare.
846 4219 992 4285 Tandem
1008 4242 1095 4299 vero,
1112 4221 1271 4307 praedicto
1285 4241 1437 4307 paupere,
1453 4222 1511 4307 qui
1526 4222 1596 4308 ejus
1610 4223 1709 4287 bene-

657 4321 732 4386 ficio
754 4327 894 4388 mortem
917 4327 1077 4401 evaserat,
1093 4322 1316 4408 proclamante
1340 4328 1374 4387 et
1396 4346 1508 4388 casum
1530 4325 1707 4404 indicante,

658 4429 836 4489 accurrunt
861 4425 1006 4512 legiones
1038 4423 1211 4503 universae,
1235 4429 1269 4489 et
1294 4425 1411 4490 lectica
1433 4425 1625 4513 impositum
1652 4426 1708 4491 de-

657 4526 808 4591 tulerunt
840 4527 884 4592 ad
910 4532 1017 4592 castra
1042 4527 1249 4592 semivivum.
1304 4528 1449 4614 Aspecta
1475 4535 1586 4594 autem
1609 4528 1725 4594 belua.

658 4629 759 4694 etiarn
782 4635 920 4707 mortua,
952 4629 1122 4696 horrorem
1151 4629 1361 4695 intuentibus
1386 4631 1525 4695 incussit
1551 4636 1585 4696 et
1611 4631 1725 4696 tirno.

695 4897 850 4964 Ummium]
870 4897 1054 4959 immas·
1243 4885 1411 4953 lampadarum]
1439 4889 1564 4953 amplexu,
1582 4891 1640 4942 MS.
1660 4895 1710 4943 and

693 5003 1013 5069 eaerum-12
1209 4965 1609 5109 oubairslssf’·

695 5109 1135 5175 ³repa9aaarr1repungnnaus.
1243 5123 1383 5190 ⁶9uaua]
1403 5125 1496 5177 erese
1507 5126 1534 5174 in
1545 5144 1624 5194 marg.
