4442 6392
654 1204 719 1268 290
787 1212 954 1268 surram
977 1211 1190 1264 raarsrsusrs
1213 1208 1377 1262 mercam
1398 1207 1597 1262 mesonca.

482 1407 552 1462 Aa).
569 1409 641 1460 1151.
654 1393 688 1453 et
712 1387 847 1454 fratrom
871 1388 962 1454 ducis
977 1385 1174 1453 Gaufridum
1191 1387 1353 1451 miserunt
1368 1408 1440 1452 cum
1458 1390 1587 1450 armata
1611 1406 1714 1450 manu

655 1488 901 1558 contra'ducem
918 1492 1193 1578 Andegavenscm
1209 1490 1473 1578 expugnandum
1506 1488 1712 1555 Haecautem

655 1596 791 1661 audiens
815 1596 886 1659 dux
917 1595 1090 1671 Henricus,
1122 1593 1255 1659 recessit
1285 1615 1306 1657 a
1336 1593 1558 1673 Barbefluvio,
1583 1592 1713 1657 obsesso

655 1698 789 1764 castello
823 1720 883 1784 pro
917 1698 1046 1762 viribus
1080 1697 1324 1777 subventurus3
1357 1697 1414 1761 sed
1437 1701 1615 1782 antequam
1643 1695 1713 1761 dux

655 1802 732 1866 illuc
764 1802 906 1881 veniret,
943 1800 1111 1865 redditum
1146 1807 1196 1864 est
1228 1804 1371 1865 castrum
1402 1800 1472 1886 regi
1511 1798 1713 1864 Francorum

655 1905 768 1970 fraude
791 1904 874 1968 illud
898 1903 1154 1982 observantium,
1171 1925 1208 1968 ac
1231 1904 1259 1967 si
1282 1900 1520 1990 esset'captum
1543 1903 1713 1969 violenter.

655 2009 748 2072 Tunc
779 2008 849 2071 dux
880 2007 1046 2072 Henricus
1067 2010 1319 2071 castrametatus
1345 2008 1447 2092 juxta
1475 2007 1616 2071 fluvium
1640 2005 1711 2069 An-

656 2110 758 2189 dellae,
776 2109 849 2174 illas
872 2107 1003 2195 partes¹
1029 2110 1130 2196 coepit
1153 2108 1333 2175 devastare.
1380 2108 1464 2176 Haec
1477 2109 1647 2196 provincia
1669 2109 1891 2201 adnegwend.

656 2213 813 2277 ducatum
836 2211 1052 2277 Normanniae
1083 2213 1282 2297 pertinebat,
1306 2211 1364 2277 sed
1395 2212 1582 2293 Gaufridus,
1606 2233 1712 2278 comes
1758 2204 1787 2240 ¹¹'
1801 2196 1861 2241 ²⁴⁹·

657 2316 871 2402 Andegaviae‚
895 2320 970 2403 post
1003 2321 1143 2380 mortem
1166 2315 1314 2394 Henrici,
1337 2316 1424 2404 regis
1446 2316 1638 2403 Anglorum
1670 2316 1713 2381 ad

489 2425 587 2476 Castles
657 2422 789 2506 tempus
833 2440 905 2483 eam
939 2423 1142 2484 concesserat
1181 2417 1363 2485 Lodowico
1424 2419 1577 2483 Tradidit
1613 2418 1715 2486 etiam

488 2493 621 2623 ῗθξξξοξζᾱ
657 2521 727 2609 igni
762 2522 896 2588 castella
928 2521 1138 2588 inimicorum
1171 2543 1315 2600 snorum,
1339 2522 1604 2602 Baschervillam,
1636 2521 1714 2587 Chi·

488 2626 575 2688 hythe
656 2622 801 2703 treium,n
824 2630 859 2690 et
882 2623 1125 2711 Stirpineium,³
1141 2646 1216 2688 cum
1239 2625 1371 2690 castello
1395 2625 1549 2713 Hugonis
1565 2625 1605 2689 de
1629 2623 1715 2689 Gur·

488 2692 561 2742 cuke.
656 2750 747 2806 naec,
786 2729 875 2813 quod
924 2727 1106 2794 Feritatem
1157 2728 1348 2815 appellant,
1394 2729 1579 2816 denegabat
1624 2729 1714 2794 enim

656 2831 744 2895 idem
767 2829 879 2919 Hugo
892 2830 1042 2897 debitum
1066 2832 1272 2897 famulatum.
1320 2831 1501 2898 Castellum
1515 2832 1650 2919 insuper
1672 2831 1713 2897 de

657 2931 848 3009 Brueloles,⁴
883 2939 917 2998 et
940 2932 1040 3013 aliud,
1065 2934 1155 3019 quod
1177 2933 1287 2998 Villa⁵
1310 2935 1510 3012 nominatur,
1533 2955 1715 3000 concrema·

656 3034 715 3098 vit.
763 3035 809 3099 Et
831 3034 909 3100 inde
935 3035 1026 3122 [ἰῐι]θ
1049 3036 1291 3102 Normanniam
1312 3038 1456 3116 veniens,
1472 3039 1650 3105 Richerum
1673 3039 1715 3103 de

656 3137 781 3222 Aquila
803 3138 951 3224 graviter
974 3138 1104 3220 afflixit,
1129 3141 1187 3226 qui
1220 3142 1288 3206 suis
1311 3141 1495 3206 subsidium
1527 3143 1715 3208 contulerat

654 3240 808 3320 inimicis,
840 3246 874 3306 et
905 3242 1110 3330 municipum
1136 3243 1351 3308 Bon-Mulins
1382 3244 1570 3310 combussit.
1618 3243 1715 3310 Circa

657 3343 757 3407 finem
792 3365 874 3408 vero
903 3344 1059 3431 Augusti,
1093 3346 1230 3410 statutis
1264 3346 1426 3412 militibus
1458 3347 1501 3412 ad
1533 3346 1715 3412 custodiam

658 3443 882 3524 Normannise‚
908 3447 976 3511 dux
998 3449 1041 3512 ad
1063 3447 1294 3534 Andegaviam
1325 3471 1471 3535 pergens,
1495 3448 1624 3515 obsedit
1646 3471 1714 3515 cas·

656 3551 747 3612 trum
780 3548 1055 3631 Montis-Sorelli;
1089 3551 1149 3615 ubi
1182 3551 1353 3617 obsidione
1381 3557 1532 3617 coartans
1561 3553 1712 3632 inclusos,

657 3648 868 3728 Willelmum,
892 3652 1062 3718 dominum
1078 3654 1186 3731 castri,
1211 3655 1269 3740 qui
1293 3661 1402 3741 partes
1425 3655 1537 3720 fratris
1559 3656 1610 3719 aui
1624 3655 1713 3721 fove-

655 3752 723 3830 bat,
762 3777 836 3819 cum
875 3755 948 3819 aliis
987 3756 1237 3843 quampluribus
1283 3758 1370 3845 cepit
1408 3758 1577 3824 militibus
1639 3757 1714 3824 Hoc

656 3877 786 3943 quoque
822 3857 1003 3922 infortunio
1050 3859 1237 3939 Gaufiidus,
1272 3861 1374 3925 frater
1408 3861 1487 3947 ejus,
1529 3860 1713 3948 compulsus

484 3967 562 4018 Iouis
656 3965 706 4025 est
729 3983 803 4025 cum
833 3962 904 4048 ipso
935 3962 1130 4027 concordari.
1178 3963 1252 4028 Rex
1282 3965 1409 4028 interea
1439 3964 1640 4030 Francorum
1671 3965 1712 4029 de

484 4035 641 4171 fflylloe‘
655 4063 748 4128 ducis
771 4063 921 4129 absentia
936 4065 1138 4130 occasionem
1161 4073 1287 4147 nactus,
1305 4066 1547 4145 Normapniam
1570 4068 1712 4132 intravit

581 4142 587 4164 ’
654 4165 827 4246 hostiliter,
862 4172 1054 4252 partemque
1092 4167 1192 4255 burgi
1225 4167 1496 4255 Regulariensis,⁷
1532 4192 1606 4234 cum
1636 4169 1710 4235 vico

690 4387 872 4454 ¹r'llcsportea]
893 4389 924 4437 ln
941 4389 1006 4439 Rob.
1020 4391 1051 4439 de
1064 4390 1161 4458 Monte,
1207 4392 1345 4442 Brucrolea.
1391 4393 1422 4441 In
1442 4393 1476 4443 all
1495 4392 1655 4458 probability,
1674 4410 1711 4445 wc

651 4485 692 4533 cp.
702 4467 785 4530 Pertz,
795 4469 828 4517 ri.
838 4474 894 4530 501,
904 4467 1111 4529 andchdorer,
1119 4471 1161 4520 the
1207 4471 1297 4522 should
1309 4474 1369 4522 read
1381 4471 1513 4524 Brerolles.

651 4556 706 4598 text
718 4548 740 4596 is
751 4548 874 4597 rendered
894 4547 990 4598 clearer
1008 4549 1043 4612 by
1055 4551 1161 4614 reading
1239 4553 1248 4579 ⁵
1266 4549 1344 4616 Villa]
1366 4552 1401 4602 So
1421 4552 1448 4601 in
1460 4551 1503 4602 W.
1515 4552 1549 4601 A.
1563 4552 1592 4602 C.
1604 4552 1646 4611 1).
1663 4554 1708 4603 but

651 4630 773 4690 “partem
805 4625 875 4675 illam
910 4626 1067 4676 Wilcssini’'
1109 4628 1159 4692 [Le
1206 4629 1232 4678 in
1246 4630 1311 4680 Rob.
1324 4632 1356 4681 de
1367 4632 1464 4692 Monte,
1483 4636 1497 4659 “
1507 4629 1708 4695 Mocalfiaillnm

650 4705 762 4769 Verria}
1179 4732 1182 4783 Ι
1206 4707 1399 4776 [Maconrille],
1410 4711 1437 4758 in
1449 4711 1603 4760 Dorcassino
1615 4713 1710 4775 pago.’'

682 4786 692 4814 ²
706 4783 852 4849 Ctitrer'rm]
873 4783 1010 4844 Chireium,
1031 4784 1088 4836 MS.
1106 4788 1157 4836 and
1237 4787 1295 4852 Ura]
1317 4788 1439 4852 Supplied
1451 4789 1516 4838 from
1527 4787 1569 4838 W.
1580 4790 1613 4838 A.
1624 4788 1652 4840 C.
1666 4789 1699 4840 D.

648 4864 677 4912 F.
712 4862 782 4914 Corr.
795 4863 859 4913 fl'om
870 4863 912 4913 W.
924 4864 958 4914 A.
972 4864 999 4914 C.
1011 4865 1044 4915 D.
1235 4869 1243 4893 ⁷
1255 4864 1454 4931 Repulorr'eusis]
1468 4866 1535 4917 Scin
1543 4867 1583 4916 W.
1594 4866 1708 4929 A.C.D.,

683 4940 882 5011 ’Stirpineirm]
903 4941 1077 5010 Surpeneium,
1098 4944 1154 4996 MS.
1200 4946 1246 4994 but
1266 4945 1286 4996 it
1306 4947 1335 5006 is,
1355 4947 1510 5012 apparently,
1531 4962 1562 4997 an
1581 4962 1650 4997 error
1669 4948 1708 4998 sor

650 5021 700 5072 and
709 5021 741 5070 D.
753 5021 783 5070 F.
1203 5022 1385 5090 Togulariensis
1399 5024 1552 5091 [Tillicrcsl
1563 5043 1591 5076 as
1602 5027 1630 5075 in
1642 5027 1706 5088 Rob,

680 5099 840 5167 ‘Brueloleq
854 5101 1000 5164 Bruebolcs,
1012 5103 1054 5153 W.
1064 5103 1097 5152 A.
1111 5103 1152 5163 C.;
1198 5105 1229 5154 de
1242 5105 1337 5166 Monte,
1350 5123 1374 5170 p.
1384 5112 1441 5167 501,
1453 5107 1504 5157 aud
1514 5106 1606 5158 Chron.
1617 5105 1705 5161 Norm.

646 5179 779 5243 Brieboles,
797 5181 829 5232 D.
875 5182 906 5232 In
924 5181 987 5234 Bob.
1003 5183 1034 5233 dc
1054 5182 1152 5246 Monte,
1198 5199 1237 5249 ap.
1250 5183 1292 5236 Du
1305 5185 1512 5249 Chesnapssl.
1629 5186 1632 5190 “
