<?xml version="1.0" encoding="UTF-8"?>
<!DOCTYPE html PUBLIC "-//W3C//DTD XHTML 1.0 Transitional//EN"
    "http://www.w3.org/TR/xhtml1/DTD/xhtml1-transitional.dtd">
<html xmlns="http://www.w3.org/1999/xhtml" xml:lang="en" lang="en">
 <head>
  <title>
</title>
<meta http-equiv="Content-Type" content="text/html;charset=utf-8" />
  <meta name='ocr-system' content='tesseract 3.04.00' />
  <meta name='ocr-capabilities' content='ocr_page ocr_carea ocr_par ocr_line ocrx_word'/>
</head>
<body>
  <div class='ocr_page' id='page_1' title='image "./matthiparisiens01parigoog/matthiparisiens01parigoog_0272.png"; bbox 0 0 4442 6392; ppageno 0'>
   <div class='ocr_carea' id='block_1_1' title="bbox 641 1166 1585 1228">
    <p class='ocr_par' dir='ltr' id='par_1_1' title="bbox 641 1166 1585 1228">
     <span class='ocr_line' id='line_1_1' title="bbox 641 1166 1585 1228; baseline -0.002 -1"><span class='ocrx_word' id='word_1_1' title='bbox 641 1166 705 1227; x_wconf 74' lang='lat'>184</span> <span class='ocrx_word' id='word_1_2' title='bbox 781 1177 945 1227; x_wconf 70' lang='lat' dir='ltr'>uernum</span> <span class='ocrx_word' id='word_1_3' title='bbox 969 1176 1182 1228; x_wconf 76' lang='lat' dir='ltr'>ramsruusrs</span> <span class='ocrx_word' id='word_1_4' title='bbox 1205 1177 1367 1227; x_wconf 68' lang='lat' dir='ltr'>merosus</span> <span class='ocrx_word' id='word_1_5' title='bbox 1388 1175 1585 1227; x_wconf 76' lang='lat' dir='ltr'>suetonum.</span> 
     </span>
    </p>
   </div>
   <div class='ocr_carea' id='block_1_2' title="bbox 472 1350 1861 4736">
    <p class='ocr_par' dir='ltr' id='par_1_2' title="bbox 472 1350 1861 4736">
     <span class='ocr_line' id='line_1_2' title="bbox 472 1350 1689 1440; baseline -0.003 -23"><span class='ocrx_word' id='word_1_6' title='bbox 472 1355 541 1407; x_wconf 69' lang='lat' dir='ltr'>Ab.</span> <span class='ocrx_word' id='word_1_7' title='bbox 556 1361 627 1408; x_wconf 88' lang='lat'>110⁰·</span> <span class='ocrx_word' id='word_1_8' title='bbox 641 1353 714 1433; x_wconf 79' lang='lat' dir='ltr'>Quo</span> <span class='ocrx_word' id='word_1_9' title='bbox 729 1353 852 1433; x_wconf 90' lang='lat' dir='ltr'>audito,</span> <span class='ocrx_word' id='word_1_10' title='bbox 868 1352 1016 1440; x_wconf 87' lang='lat' dir='ltr'>princeps</span> <span class='ocrx_word' id='word_1_11' title='bbox 1031 1352 1165 1438; x_wconf 90' lang='lat' dir='ltr'>quidam</span> <span class='ocrx_word' id='word_1_12' title='bbox 1182 1352 1223 1416; x_wconf 93' lang='lat' dir='ltr'>de</span> <span class='ocrx_word' id='word_1_13' title='bbox 1240 1357 1337 1438; x_wconf 84' lang='lat' dir='ltr'>gente</span> <span class='ocrx_word' id='word_1_14' title='bbox 1353 1351 1501 1417; x_wconf 79' lang='lat' dir='ltr'><strong>Arabum</strong></span> <span class='ocrx_word' id='word_1_15' title='bbox 1516 1350 1689 1438; x_wconf 62' lang='lat' dir='ltr'>praeclarus</span> 
     </span>
     <span class='ocr_line' id='line_1_3' title="bbox 641 1455 1690 1543; baseline -0.007 -20"><span class='ocrx_word' id='word_1_16' title='bbox 641 1460 674 1523; x_wconf 88' lang='lat' dir='ltr'>ct</span> <span class='ocrx_word' id='word_1_17' title='bbox 689 1461 816 1543; x_wconf 87' lang='lat' dir='ltr'>potens,</span> <span class='ocrx_word' id='word_1_18' title='bbox 832 1461 933 1543; x_wconf 88' lang='lat' dir='ltr'>atque</span> <span class='ocrx_word' id='word_1_19' title='bbox 948 1456 984 1521; x_wconf 90' lang='lat' dir='ltr'>in</span> <span class='ocrx_word' id='word_1_20' title='bbox 1000 1455 1172 1543; x_wconf 77' lang='lat' dir='ltr'><strong>disciplina</strong></span> <span class='ocrx_word' id='word_1_21' title='bbox 1194 1455 1333 1520; x_wconf 88' lang='lat' dir='ltr'>militari</span> <span class='ocrx_word' id='word_1_22' title='bbox 1347 1455 1617 1531; x_wconf 88' lang='lat' dir='ltr'>ferventissimus,</span> <span class='ocrx_word' id='word_1_23' title='bbox 1633 1476 1690 1540; x_wconf 87' lang='lat' dir='ltr'>per·</span> 
     </span>
     <span class='ocr_line' id='line_1_4' title="bbox 640 1558 1690 1646; baseline -0.005 -23"><span class='ocrx_word' id='word_1_24' title='bbox 640 1559 863 1625; x_wconf 72' lang='lat' dir='ltr'>internuncios</span> <span class='ocrx_word' id='word_1_25' title='bbox 885 1581 963 1646; x_wconf 89' lang='lat' dir='ltr'>pace</span> <span class='ocrx_word' id='word_1_26' title='bbox 985 1559 1170 1646; x_wconf 88' lang='lat' dir='ltr'>impetrata,</span> <span class='ocrx_word' id='word_1_27' title='bbox 1185 1559 1228 1624; x_wconf 88' lang='lat' dir='ltr'>ad</span> <span class='ocrx_word' id='word_1_28' title='bbox 1250 1580 1359 1646; x_wconf 82' lang='lat' dir='ltr'>regem</span> <span class='ocrx_word' id='word_1_29' title='bbox 1387 1558 1601 1624; x_wconf 85' lang='lat' dir='ltr'>Godefridum</span> <span class='ocrx_word' id='word_1_30' title='bbox 1616 1579 1690 1620; x_wconf 90' lang='lat' dir='ltr'>cum</span> 
     </span>
     <span class='ocr_line' id='line_1_5' title="bbox 640 1659 1690 1750; baseline -0.005 -23"><span class='ocrx_word' id='word_1_31' title='bbox 640 1660 785 1747; x_wconf 90' lang='lat' dir='ltr'>ejusdem</span> <span class='ocrx_word' id='word_1_32' title='bbox 807 1664 917 1750; x_wconf 83' lang='lat' dir='ltr'>gentis</span> <span class='ocrx_word' id='word_1_33' title='bbox 940 1662 1044 1728; x_wconf 90' lang='lat' dir='ltr'>nobili</span> <span class='ocrx_word' id='word_1_34' title='bbox 1065 1662 1224 1728; x_wconf 88' lang='lat' dir='ltr'>comitatu</span> <span class='ocrx_word' id='word_1_35' title='bbox 1238 1662 1380 1727; x_wconf 88' lang='lat' dir='ltr'>accessit.</span> <span class='ocrx_word' id='word_1_36' title='bbox 1426 1660 1589 1726; x_wconf 78' lang='lat' dir='ltr'><strong>Audierat</strong></span> <span class='ocrx_word' id='word_1_37' title='bbox 1603 1659 1690 1724; x_wconf 89' lang='lat' dir='ltr'>enim</span> 
     </span>
     <span class='ocr_line' id='line_1_6' title="bbox 640 1762 1692 1852; baseline -0.005 -23"><span class='ocrx_word' id='word_1_38' title='bbox 640 1765 819 1831; x_wconf 90' lang='lat' dir='ltr'>multorum</span> <span class='ocrx_word' id='word_1_39' title='bbox 842 1764 1001 1831; x_wconf 75' lang='lat' dir='ltr'>relatione</span> <span class='ocrx_word' id='word_1_40' title='bbox 1025 1764 1065 1829; x_wconf 88' lang='lat' dir='ltr'>de</span> <span class='ocrx_word' id='word_1_41' title='bbox 1085 1766 1172 1852; x_wconf 80' lang='lat' dir='ltr'>regis</span> <span class='ocrx_word' id='word_1_42' title='bbox 1187 1769 1221 1829; x_wconf 93' lang='lat' dir='ltr'>et</span> <span class='ocrx_word' id='word_1_43' title='bbox 1236 1765 1349 1852; x_wconf 91' lang='lat' dir='ltr'>populi</span> <span class='ocrx_word' id='word_1_44' title='bbox 1372 1764 1550 1830; x_wconf 88' lang='lat' dir='ltr'>occidentis</span> <span class='ocrx_word' id='word_1_45' title='bbox 1564 1762 1692 1826; x_wconf 86' lang='lat' dir='ltr'>viribus</span> 
     </span>
     <span class='ocr_line' id='line_1_7' title="bbox 640 1865 1689 1956; baseline -0.005 -23"><span class='ocrx_word' id='word_1_46' title='bbox 640 1872 674 1933; x_wconf 90' lang='lat' dir='ltr'>et</span> <span class='ocrx_word' id='word_1_47' title='bbox 700 1868 956 1955; x_wconf 84' lang='lat' dir='ltr'>magnificentia,</span> <span class='ocrx_word' id='word_1_48' title='bbox 980 1869 1037 1954; x_wconf 90' lang='lat' dir='ltr'>qui</span> <span class='ocrx_word' id='word_1_49' title='bbox 1059 1891 1119 1956; x_wconf 89' lang='lat' dir='ltr'>per</span> <span class='ocrx_word' id='word_1_50' title='bbox 1140 1873 1193 1934; x_wconf 92' lang='lat' dir='ltr'>tot</span> <span class='ocrx_word' id='word_1_51' title='bbox 1223 1875 1386 1934; x_wconf 90' lang='lat' dir='ltr'>terrarum</span> <span class='ocrx_word' id='word_1_52' title='bbox 1409 1867 1524 1955; x_wconf 88' lang='lat' dir='ltr'>spatia,</span> <span class='ocrx_word' id='word_1_53' title='bbox 1549 1865 1689 1931; x_wconf 89' lang='lat' dir='ltr'>marium</span> 
     </span>
     <span class='ocr_line' id='line_1_8' title="bbox 639 1969 1709 2059; baseline -0.003 -25"><span class='ocrx_word' id='word_1_54' title='bbox 639 1974 763 2036; x_wconf 89' lang='lat' dir='ltr'>tractus</span> <span class='ocrx_word' id='word_1_55' title='bbox 793 1978 827 2037; x_wconf 91' lang='lat' dir='ltr'>et</span> <span class='ocrx_word' id='word_1_56' title='bbox 857 1970 1009 2058; x_wconf 87' lang='lat' dir='ltr'>pericula,</span> <span class='ocrx_word' id='word_1_57' title='bbox 1040 1972 1204 2038; x_wconf 88' lang='lat' dir='ltr'>montium</span> <span class='ocrx_word' id='word_1_58' title='bbox 1238 1971 1482 2059; x_wconf 85' lang='lat' dir='ltr'>peragrationes</span> <span class='ocrx_word' id='word_1_59' title='bbox 1503 1969 1709 2046; x_wconf 65' lang='lat' dir='ltr'>laboriosus„</span> 
     </span>
     <span class='ocr_line' id='line_1_9' title="bbox 638 2070 1709 2151; baseline 0.001 -16"><span class='ocrx_word' id='word_1_60' title='bbox 638 2073 853 2139; x_wconf 88' lang='lat' dir='ltr'>advenientes</span> <span class='ocrx_word' id='word_1_61' title='bbox 883 2074 918 2139; x_wconf 91' lang='lat' dir='ltr'>in</span> <span class='ocrx_word' id='word_1_62' title='bbox 957 2072 1022 2139; x_wconf 91' lang='lat' dir='ltr'>Dei</span> <span class='ocrx_word' id='word_1_63' title='bbox 1058 2073 1109 2139; x_wconf 85' lang='lat' dir='ltr'>sui</span> <span class='ocrx_word' id='word_1_64' title='bbox 1141 2074 1347 2151; x_wconf 88' lang='lat' dir='ltr'>famulatum,</span> <span class='ocrx_word' id='word_1_65' title='bbox 1384 2076 1574 2140; x_wconf 83' lang='lat' dir='ltr'>universmn</span> <span class='ocrx_word' id='word_1_66' title='bbox 1605 2070 1709 2137; x_wconf 87' lang='lat' dir='ltr'>sibi¹.</span> 
     </span>
     <span class='ocr_line' id='line_1_10' title="bbox 638 2173 1689 2261; baseline -0.002 -22"><span class='ocrx_word' id='word_1_67' title='bbox 638 2173 814 2261; x_wconf 84' lang='lat' dir='ltr'>subjugare</span> <span class='ocrx_word' id='word_1_68' title='bbox 852 2175 1047 2242; x_wconf 70' lang='lat' dir='ltr'>nitebantur</span> <span class='ocrx_word' id='word_1_69' title='bbox 1077 2175 1246 2241; x_wconf 87' lang='lat' dir='ltr'>orientem.</span> <span class='ocrx_word' id='word_1_70' title='bbox 1301 2177 1400 2242; x_wconf 89' lang='lat' dir='ltr'>Unde</span> <span class='ocrx_word' id='word_1_71' title='bbox 1434 2176 1544 2242; x_wconf 90' lang='lat' dir='ltr'>studio</span> <span class='ocrx_word' id='word_1_72' title='bbox 1582 2175 1689 2261; x_wconf 90' lang='lat' dir='ltr'>ipsum</span> 
     </span>
     <span class='ocr_line' id='line_1_11' title="bbox 639 2277 1693 2367; baseline 0 -27"><span class='ocrx_word' id='word_1_73' title='bbox 639 2277 800 2342; x_wconf 90' lang='lat' dir='ltr'>famosum</span> <span class='ocrx_word' id='word_1_74' title='bbox 822 2299 932 2366; x_wconf 85' lang='lat' dir='ltr'>regem</span> <span class='ocrx_word' id='word_1_75' title='bbox 949 2277 1200 2367; x_wconf 85' lang='lat' dir='ltr'>G[0defridum]</span> <span class='ocrx_word' id='word_1_76' title='bbox 1224 2279 1467 2344; x_wconf 88' lang='lat' dir='ltr'>ferventissimo</span> <span class='ocrx_word' id='word_1_77' title='bbox 1487 2278 1598 2343; x_wconf 89' lang='lat' dir='ltr'>videre</span> <span class='ocrx_word' id='word_1_78' title='bbox 1623 2299 1693 2364; x_wconf 83' lang='lat' dir='ltr'>ges·</span> 
     </span>
     <span class='ocr_line' id='line_1_12' title="bbox 639 2379 1691 2468; baseline 0.001 -26"><span class='ocrx_word' id='word_1_79' title='bbox 639 2379 734 2457; x_wconf 88' lang='lat' dir='ltr'>tiens,</span> <span class='ocrx_word' id='word_1_80' title='bbox 757 2379 800 2444; x_wconf 89' lang='lat' dir='ltr'>ad</span> <span class='ocrx_word' id='word_1_81' title='bbox 822 2381 908 2467; x_wconf 82' lang='lat' dir='ltr'>regis</span> <span class='ocrx_word' id='word_1_82' title='bbox 941 2381 1152 2468; x_wconf 75' lang='lat' dir='ltr'>praesentiam</span> <span class='ocrx_word' id='word_1_83' title='bbox 1185 2381 1356 2460; x_wconf 87' lang='lat' dir='ltr'>adductus,</span> <span class='ocrx_word' id='word_1_84' title='bbox 1381 2387 1569 2448; x_wconf 87' lang='lat' dir='ltr'>reverenter</span> <span class='ocrx_word' id='word_1_85' title='bbox 1598 2380 1691 2444; x_wconf 89' lang='lat' dir='ltr'>illum</span> 
     </span>
     <span class='ocr_line' id='line_1_13' title="bbox 639 2481 1692 2572; baseline 0 -25"><span class='ocrx_word' id='word_1_86' title='bbox 639 2481 808 2548; x_wconf 89' lang='lat' dir='ltr'>salutavit.</span> <span class='ocrx_word' id='word_1_87' title='bbox 856 2483 901 2549; x_wconf 86' lang='lat' dir='ltr'>Et</span> <span class='ocrx_word' id='word_1_88' title='bbox 927 2505 1002 2549; x_wconf 86' lang='lat' dir='ltr'>curn</span> <span class='ocrx_word' id='word_1_89' title='bbox 1037 2484 1095 2550; x_wconf 88' lang='lat' dir='ltr'>diu</span> <span class='ocrx_word' id='word_1_90' title='bbox 1126 2507 1236 2571; x_wconf 84' lang='lat' dir='ltr'>regern</span> <span class='ocrx_word' id='word_1_91' title='bbox 1270 2485 1414 2551; x_wconf 92' lang='lat' dir='ltr'>intuitus</span> <span class='ocrx_word' id='word_1_92' title='bbox 1445 2485 1588 2572; x_wconf 90' lang='lat' dir='ltr'>corporis</span> <span class='ocrx_word' id='word_1_93' title='bbox 1623 2484 1692 2569; x_wconf 87' lang='lat' dir='ltr'>ejus</span> 
     </span>
     <span class='ocr_line' id='line_1_14' title="bbox 540 2580 1689 2675; baseline -0.003 -24"><span class='ocrx_word' id='word_1_94' title='bbox 540 2580 558 2629; x_wconf 75' lang='lat'>⁸</span> <span class='ocrx_word' id='word_1_95' title='bbox 640 2584 889 2673; x_wconf 80' lang='lat' dir='ltr'>dispositionem</span> <span class='ocrx_word' id='word_1_96' title='bbox 920 2587 1150 2666; x_wconf 87' lang='lat' dir='ltr'>admiraretur,</span> <span class='ocrx_word' id='word_1_97' title='bbox 1185 2588 1285 2674; x_wconf 89' lang='lat' dir='ltr'>coepit</span> <span class='ocrx_word' id='word_1_98' title='bbox 1316 2610 1390 2653; x_wconf 89' lang='lat' dir='ltr'>cum</span> <span class='ocrx_word' id='word_1_99' title='bbox 1421 2588 1529 2653; x_wconf 88' lang='lat' dir='ltr'>multa</span> <span class='ocrx_word' id='word_1_100' title='bbox 1559 2608 1689 2675; x_wconf 85' lang='lat' dir='ltr'>precum</span> 
     </span>
     <span class='ocr_line' id='line_1_15' title="bbox 640 2687 1861 2783; baseline -0.002 -30"><span class='ocrx_word' id='word_1_101' title='bbox 640 2687 801 2754; x_wconf 83' lang='lat' dir='ltr'>instantia</span> <span class='ocrx_word' id='word_1_102' title='bbox 838 2690 990 2776; x_wconf 82' lang='lat' dir='ltr'>rogitare,</span> <span class='ocrx_word' id='word_1_103' title='bbox 1029 2696 1069 2755; x_wconf 87' lang='lat' dir='ltr'>ut</span> <span class='ocrx_word' id='word_1_104' title='bbox 1107 2691 1143 2755; x_wconf 94' lang='lat' dir='ltr'>in</span> <span class='ocrx_word' id='word_1_105' title='bbox 1181 2697 1357 2778; x_wconf 88' lang='lat' dir='ltr'>conspectu</span> <span class='ocrx_word' id='word_1_106' title='bbox 1394 2690 1464 2776; x_wconf 89' lang='lat' dir='ltr'>ejus</span> <span class='ocrx_word' id='word_1_107' title='bbox 1492 2690 1602 2778; x_wconf 83' lang='lat' dir='ltr'>gladio</span> <span class='ocrx_word' id='word_1_108' title='bbox 1632 2711 1691 2753; x_wconf 90' lang='lat' dir='ltr'>suo</span> <span class='ocrx_word' id='word_1_109' title='bbox 1703 2697 1861 2783; x_wconf 64' lang='lat' dir='ltr'>Ropwepd.</span> 
     </span>
     <span class='ocr_line' id='line_1_16' title="bbox 639 2770 1833 2879; baseline 0.001 -22"><span class='ocrx_word' id='word_1_110' title='bbox 639 2792 798 2858; x_wconf 88' lang='lat' dir='ltr'>camelum</span> <span class='ocrx_word' id='word_1_111' title='bbox 821 2794 1011 2870; x_wconf 81' lang='lat' dir='ltr'>maximum,</span> <span class='ocrx_word' id='word_1_112' title='bbox 1036 2815 1134 2879; x_wconf 90' lang='lat' dir='ltr'>quem</span> <span class='ocrx_word' id='word_1_113' title='bbox 1150 2793 1269 2860; x_wconf 91' lang='lat' dir='ltr'>adhoc</span> <span class='ocrx_word' id='word_1_114' title='bbox 1291 2794 1483 2874; x_wconf 87' lang='lat' dir='ltr'>adduxerat,</span> <span class='ocrx_word' id='word_1_115' title='bbox 1500 2793 1690 2859; x_wconf 87' lang='lat' dir='ltr'>decollando</span> <span class='ocrx_word' id='word_1_116' title='bbox 1736 2781 1763 2816; x_wconf 81' lang='lat'>¹¹·</span> <span class='ocrx_word' id='word_1_117' title='bbox 1777 2770 1833 2816; x_wconf 73' lang='lat'>¹⁶⁴·</span> 
     </span>
     <span class='ocr_line' id='line_1_17' title="bbox 639 2894 1707 2981; baseline 0.002 -22"><span class='ocrx_word' id='word_1_118' title='bbox 639 2899 807 2981; x_wconf 89' lang='lat' dir='ltr'>percutere</span> <span class='ocrx_word' id='word_1_119' title='bbox 829 2894 1031 2981; x_wconf 80' lang='lat' dir='ltr'>dignaretur,</span> <span class='ocrx_word' id='word_1_120' title='bbox 1054 2900 1094 2960; x_wconf 90' lang='lat' dir='ltr'>ut</span> <span class='ocrx_word' id='word_1_121' title='bbox 1117 2896 1277 2960; x_wconf 88' lang='lat' dir='ltr'>virtutem</span> <span class='ocrx_word' id='word_1_122' title='bbox 1303 2919 1372 2962; x_wconf 87' lang='lat' dir='ltr'>suae</span> <span class='ocrx_word' id='word_1_123' title='bbox 1393 2896 1599 2962; x_wconf 83' lang='lat' dir='ltr'>fortitudinis</span> <span class='ocrx_word' id='word_1_124' title='bbox 1626 2897 1707 2961; x_wconf 90' lang='lat' dir='ltr'>fido·</span> 
     </span>
     <span class='ocr_line' id='line_1_18' title="bbox 639 2997 1711 3075; baseline 0.005 -16"><span class='ocrx_word' id='word_1_125' title='bbox 639 2997 768 3062; x_wconf 88' lang='lat' dir='ltr'>videret</span> <span class='ocrx_word' id='word_1_126' title='bbox 790 2997 926 3074; x_wconf 85' lang='lat' dir='ltr'>oculata,</span> <span class='ocrx_word' id='word_1_127' title='bbox 950 3001 985 3064; x_wconf 90' lang='lat' dir='ltr'>et</span> <span class='ocrx_word' id='word_1_128' title='bbox 1007 2997 1079 3062; x_wconf 92' lang='lat' dir='ltr'>visa</span> <span class='ocrx_word' id='word_1_129' title='bbox 1104 2999 1267 3065; x_wconf 90' lang='lat' dir='ltr'>veraciter</span> <span class='ocrx_word' id='word_1_130' title='bbox 1291 3000 1469 3066; x_wconf 81' lang='lat' dir='ltr'>nunciaret.</span> <span class='ocrx_word' id='word_1_131' title='bbox 1516 3001 1589 3066; x_wconf 84' lang='lat' dir='ltr'>Rex</span> <span class='ocrx_word' id='word_1_132' title='bbox 1603 3022 1711 3075; x_wconf 82' lang='lat' dir='ltr'>vero,-</span> 
     </span>
     <span class='ocr_line' id='line_1_19' title="bbox 640 3099 1712 3189; baseline -0.002 -26"><span class='ocrx_word' id='word_1_133' title='bbox 640 3122 707 3165; x_wconf 91' lang='lat' dir='ltr'>non</span> <span class='ocrx_word' id='word_1_134' title='bbox 729 3101 772 3165; x_wconf 91' lang='lat' dir='ltr'>ad</span> <span class='ocrx_word' id='word_1_135' title='bbox 790 3099 997 3185; x_wconf 89' lang='lat' dir='ltr'>jactantiam,</span> <span class='ocrx_word' id='word_1_136' title='bbox 1021 3104 1092 3164; x_wconf 88' lang='lat' dir='ltr'>erat</span> <span class='ocrx_word' id='word_1_137' title='bbox 1115 3100 1204 3166; x_wconf 89' lang='lat' dir='ltr'>enirn</span> <span class='ocrx_word' id='word_1_138' title='bbox 1227 3100 1280 3166; x_wconf 86' lang='lat' dir='ltr'>vir</span> <span class='ocrx_word' id='word_1_139' title='bbox 1302 3101 1529 3167; x_wconf 66' lang='lat' dir='ltr'>humillimus2</span> <span class='ocrx_word' id='word_1_140' title='bbox 1552 3108 1586 3168; x_wconf 90' lang='lat' dir='ltr'>et</span> <span class='ocrx_word' id='word_1_141' title='bbox 1608 3103 1712 3189; x_wconf 90' lang='lat' dir='ltr'>pius,.</span> 
     </span>
     <span class='ocr_line' id='line_1_20' title="bbox 640 3200 1692 3293; baseline 0.003 -26"><span class='ocrx_word' id='word_1_142' title='bbox 640 3203 696 3268; x_wconf 89' lang='lat' dir='ltr'>sed</span> <span class='ocrx_word' id='word_1_143' title='bbox 712 3208 751 3267; x_wconf 88' lang='lat' dir='ltr'>ut</span> <span class='ocrx_word' id='word_1_144' title='bbox 772 3200 921 3269; x_wconf 82' lang='lat' dir='ltr'>barbaris</span> <span class='ocrx_word' id='word_1_145' title='bbox 944 3202 1135 3267; x_wconf 86' lang='lat' dir='ltr'>nationibus</span> <span class='ocrx_word' id='word_1_146' title='bbox 1157 3202 1309 3269; x_wconf 89' lang='lat' dir='ltr'>timorem</span> <span class='ocrx_word' id='word_1_147' title='bbox 1324 3205 1495 3283; x_wconf 80' lang='lat' dir='ltr'>incuteret,</span> <span class='ocrx_word' id='word_1_148' title='bbox 1517 3206 1692 3293; x_wconf 82' lang='lat' dir='ltr'>evaginato</span> 
     </span>
     <span class='ocr_line' id='line_1_21' title="bbox 639 3305 1711 3394; baseline -0.002 -24"><span class='ocrx_word' id='word_1_149' title='bbox 639 3305 750 3394; x_wconf 85' lang='lat' dir='ltr'>gladio</span> <span class='ocrx_word' id='word_1_150' title='bbox 773 3326 841 3385; x_wconf 88' lang='lat' dir='ltr'>suo,</span> <span class='ocrx_word' id='word_1_151' title='bbox 864 3305 1025 3371; x_wconf 89' lang='lat' dir='ltr'>camelum</span> <span class='ocrx_word' id='word_1_152' title='bbox 1049 3306 1218 3393; x_wconf 84' lang='lat' dir='ltr'>percussit,</span> <span class='ocrx_word' id='word_1_153' title='bbox 1243 3311 1278 3373; x_wconf 89' lang='lat' dir='ltr'>et</span> <span class='ocrx_word' id='word_1_154' title='bbox 1303 3307 1422 3374; x_wconf 90' lang='lat' dir='ltr'>leviter</span> <span class='ocrx_word' id='word_1_155' title='bbox 1445 3331 1558 3374; x_wconf 90' lang='lat' dir='ltr'>sereno</span> <span class='ocrx_word' id='word_1_156' title='bbox 1584 3309 1711 3385; x_wconf 80' lang='lat' dir='ltr'>vultu.</span> 
     </span>
     <span class='ocr_line' id='line_1_22' title="bbox 640 3409 1710 3496; baseline 0 -23"><span class='ocrx_word' id='word_1_157' title='bbox 640 3415 797 3495; x_wconf 86' lang='lat' dir='ltr'>tunquam</span> <span class='ocrx_word' id='word_1_158' title='bbox 821 3412 907 3474; x_wconf 88' lang='lat' dir='ltr'>esset</span> <span class='ocrx_word' id='word_1_159' title='bbox 939 3430 990 3473; x_wconf 89' lang='lat' dir='ltr'>res</span> <span class='ocrx_word' id='word_1_160' title='bbox 1021 3409 1215 3496; x_wconf 79' lang='lat' dir='ltr'>perfregilis,</span> <span class='ocrx_word' id='word_1_161' title='bbox 1245 3410 1429 3477; x_wconf 88' lang='lat' dir='ltr'>decollavit.</span> <span class='ocrx_word' id='word_1_162' title='bbox 1489 3411 1551 3476; x_wconf 86' lang='lat' dir='ltr'>Est</span> <span class='ocrx_word' id='word_1_163' title='bbox 1581 3419 1710 3477; x_wconf 89' lang='lat' dir='ltr'>autem.</span> 
     </span>
     <span class='ocr_line' id='line_1_23' title="bbox 639 3511 1711 3600; baseline -0.001 -24"><span class='ocrx_word' id='word_1_164' title='bbox 639 3511 758 3577; x_wconf 91' lang='lat' dir='ltr'>collum</span> <span class='ocrx_word' id='word_1_165' title='bbox 783 3511 897 3576; x_wconf 90' lang='lat' dir='ltr'>cameli</span> <span class='ocrx_word' id='word_1_166' title='bbox 932 3511 1076 3598; x_wconf 86' lang='lat' dir='ltr'>longum,</span> <span class='ocrx_word' id='word_1_167' title='bbox 1098 3512 1254 3590; x_wconf 88' lang='lat' dir='ltr'>flexibile,</span> <span class='ocrx_word' id='word_1_168' title='bbox 1289 3518 1323 3577; x_wconf 90' lang='lat' dir='ltr'>et</span> <span class='ocrx_word' id='word_1_169' title='bbox 1356 3513 1621 3600; x_wconf 84' lang='lat' dir='ltr'>cartilaginosum</span> <span class='ocrx_word' id='word_1_170' title='bbox 1655 3537 1711 3579; x_wconf 88' lang='lat' dir='ltr'>ao.</span> 
     </span>
     <span class='ocr_line' id='line_1_24' title="bbox 639 3614 1711 3700; baseline -0.001 -21"><span class='ocrx_word' id='word_1_171' title='bbox 639 3636 823 3695; x_wconf 89' lang='lat' dir='ltr'>nervosum,</span> <span class='ocrx_word' id='word_1_172' title='bbox 847 3619 946 3700; x_wconf 90' lang='lat' dir='ltr'>atque</span> <span class='ocrx_word' id='word_1_173' title='bbox 968 3615 1045 3680; x_wconf 86' lang='lat' dir='ltr'>talis</span> <span class='ocrx_word' id='word_1_174' title='bbox 1068 3614 1220 3680; x_wconf 86' lang='lat' dir='ltr'>scematis</span> <span class='ocrx_word' id='word_1_175' title='bbox 1243 3619 1277 3680; x_wconf 89' lang='lat' dir='ltr'>et</span> <span class='ocrx_word' id='word_1_176' title='bbox 1300 3615 1505 3698; x_wconf 81' lang='lat' dir='ltr'>substantiae,</span> <span class='ocrx_word' id='word_1_177' title='bbox 1521 3623 1560 3683; x_wconf 93' lang='lat' dir='ltr'>ut</span> <span class='ocrx_word' id='word_1_178' title='bbox 1575 3618 1634 3683; x_wconf 87' lang='lat' dir='ltr'>vix</span> <span class='ocrx_word' id='word_1_179' title='bbox 1648 3619 1711 3683; x_wconf 87' lang='lat' dir='ltr'>sit.</span> 
     </span>
     <span class='ocr_line' id='line_1_25' title="bbox 639 3716 1712 3805; baseline 0 -24"><span class='ocrx_word' id='word_1_180' title='bbox 639 3717 850 3805; x_wconf 89' lang='lat' dir='ltr'>amputabile.</span> <span class='ocrx_word' id='word_1_181' title='bbox 898 3716 971 3796; x_wconf 87' lang='lat' dir='ltr'>Quo</span> <span class='ocrx_word' id='word_1_182' title='bbox 995 3718 1077 3795; x_wconf 87' lang='lat' dir='ltr'>viso,</span> <span class='ocrx_word' id='word_1_183' title='bbox 1092 3716 1201 3782; x_wconf 86' lang='lat' dir='ltr'>Arabs</span> <span class='ocrx_word' id='word_1_184' title='bbox 1224 3716 1406 3805; x_wconf 87' lang='lat' dir='ltr'>obstupuit,</span> <span class='ocrx_word' id='word_1_185' title='bbox 1424 3725 1458 3786; x_wconf 94' lang='lat' dir='ltr'>et</span> <span class='ocrx_word' id='word_1_186' title='bbox 1481 3720 1539 3805; x_wconf 91' lang='lat' dir='ltr'>qui</span> <span class='ocrx_word' id='word_1_187' title='bbox 1563 3742 1638 3786; x_wconf 88' lang='lat' dir='ltr'>oum</span> <span class='ocrx_word' id='word_1_188' title='bbox 1654 3744 1712 3786; x_wconf 88' lang='lat' dir='ltr'>eo.</span> 
     </span>
     <span class='ocr_line' id='line_1_26' title="bbox 639 3820 1692 3901; baseline 0.002 -15"><span class='ocrx_word' id='word_1_189' title='bbox 639 3828 757 3901; x_wconf 90' lang='lat' dir='ltr'>erant;</span> <span class='ocrx_word' id='word_1_190' title='bbox 790 3820 905 3885; x_wconf 91' lang='lat' dir='ltr'>sedin</span> <span class='ocrx_word' id='word_1_191' title='bbox 929 3824 1039 3885; x_wconf 89' lang='lat' dir='ltr'>mente</span> <span class='ocrx_word' id='word_1_192' title='bbox 1062 3844 1122 3886; x_wconf 88' lang='lat' dir='ltr'>sua</span> <span class='ocrx_word' id='word_1_193' title='bbox 1147 3822 1182 3886; x_wconf 93' lang='lat' dir='ltr'>id</span> <span class='ocrx_word' id='word_1_194' title='bbox 1214 3822 1300 3886; x_wconf 85' lang='lat' dir='ltr'>ensis</span> <span class='ocrx_word' id='word_1_195' title='bbox 1322 3823 1470 3887; x_wconf 90' lang='lat' dir='ltr'>acumini</span> <span class='ocrx_word' id='word_1_196' title='bbox 1498 3823 1692 3900; x_wconf 87' lang='lat' dir='ltr'>ascribebat,</span> 
     </span>
     <span class='ocr_line' id='line_1_27' title="bbox 638 3922 1710 4012; baseline 0.003 -26"><span class='ocrx_word' id='word_1_197' title='bbox 638 3922 782 3989; x_wconf 88' lang='lat' dir='ltr'>intuitus</span> <span class='ocrx_word' id='word_1_198' title='bbox 805 3923 893 3988; x_wconf 91' lang='lat' dir='ltr'>enim</span> <span class='ocrx_word' id='word_1_199' title='bbox 916 3945 1036 4002; x_wconf 86' lang='lat' dir='ltr'>ensem,</span> <span class='ocrx_word' id='word_1_200' title='bbox 1059 3922 1218 3989; x_wconf 89' lang='lat' dir='ltr'>laudavit.</span> <span class='ocrx_word' id='word_1_201' title='bbox 1265 3924 1373 4003; x_wconf 88' lang='lat' dir='ltr'>Unde,</span> <span class='ocrx_word' id='word_1_202' title='bbox 1394 3925 1572 4012; x_wconf 88' lang='lat' dir='ltr'>impetrata</span> <span class='ocrx_word' id='word_1_203' title='bbox 1593 3927 1710 3992; x_wconf 73' lang='lat' dir='ltr'>licen.</span> 
     </span>
     <span class='ocr_line' id='line_1_28' title="bbox 638 4025 1691 4116; baseline 0.006 -27"><span class='ocrx_word' id='word_1_204' title='bbox 638 4025 688 4091; x_wconf 89' lang='lat' dir='ltr'>tia</span> <span class='ocrx_word' id='word_1_205' title='bbox 710 4030 749 4091; x_wconf 90' lang='lat' dir='ltr'>ut</span> <span class='ocrx_word' id='word_1_206' title='bbox 771 4025 990 4091; x_wconf 90' lang='lat' dir='ltr'>confidentius</span> <span class='ocrx_word' id='word_1_207' title='bbox 1016 4025 1216 4112; x_wconf 88' lang='lat' dir='ltr'>loqueretur,</span> <span class='ocrx_word' id='word_1_208' title='bbox 1248 4026 1402 4111; x_wconf 85' lang='lat' dir='ltr'>quaesivit</span> <span class='ocrx_word' id='word_1_209' title='bbox 1431 4030 1631 4116; x_wconf 83' lang='lat' dir='ltr'>propensius,</span> <span class='ocrx_word' id='word_1_210' title='bbox 1663 4030 1691 4094; x_wconf 91' lang='lat' dir='ltr'>si</span> 
     </span>
     <span class='ocr_line' id='line_1_29' title="bbox 639 4127 1691 4217; baseline 0.005 -25"><span class='ocrx_word' id='word_1_211' title='bbox 639 4127 676 4192; x_wconf 90' lang='lat' dir='ltr'>id</span> <span class='ocrx_word' id='word_1_212' title='bbox 698 4132 809 4215; x_wconf 90' lang='lat' dir='ltr'>posset</span> <span class='ocrx_word' id='word_1_213' title='bbox 824 4151 899 4194; x_wconf 89' lang='lat' dir='ltr'>cum</span> <span class='ocrx_word' id='word_1_214' title='bbox 914 4128 1049 4194; x_wconf 83' lang='lat' dir='ltr'>alterius</span> <span class='ocrx_word' id='word_1_215' title='bbox 1064 4128 1176 4215; x_wconf 86' lang='lat' dir='ltr'>gladio</span> <span class='ocrx_word' id='word_1_216' title='bbox 1191 4130 1327 4217; x_wconf 85' lang='lat' dir='ltr'>operari.</span> <span class='ocrx_word' id='word_1_217' title='bbox 1374 4133 1422 4196; x_wconf 90' lang='lat' dir='ltr'>At</span> <span class='ocrx_word' id='word_1_218' title='bbox 1445 4153 1504 4197; x_wconf 85' lang='lat' dir='ltr'>rex</span> <span class='ocrx_word' id='word_1_219' title='bbox 1519 4133 1691 4200; x_wconf 88' lang='lat' dir='ltr'>subridens</span> 
     </span>
     <span class='ocr_line' id='line_1_30' title="bbox 639 4231 1710 4324; baseline 0.003 -28"><span class='ocrx_word' id='word_1_220' title='bbox 639 4231 697 4312; x_wconf 88' lang='lat' dir='ltr'>ait,</span> <span class='ocrx_word' id='word_1_221' title='bbox 723 4231 785 4297; x_wconf 89' lang='lat' dir='ltr'>“Si</span> <span class='ocrx_word' id='word_1_222' title='bbox 808 4233 913 4298; x_wconf 91' lang='lat' dir='ltr'>bonus</span> <span class='ocrx_word' id='word_1_223' title='bbox 937 4236 988 4297; x_wconf 85' lang='lat' dir='ltr'>est</span> <span class='ocrx_word' id='word_1_224' title='bbox 1009 4232 1150 4320; x_wconf 87' lang='lat' dir='ltr'>gladius,</span> <span class='ocrx_word' id='word_1_225' title='bbox 1165 4255 1224 4320; x_wconf 90' lang='lat' dir='ltr'>pro</span> <span class='ocrx_word' id='word_1_226' title='bbox 1247 4256 1383 4300; x_wconf 91' lang='lat' dir='ltr'>munere</span> <span class='ocrx_word' id='word_1_227' title='bbox 1407 4258 1480 4301; x_wconf 90' lang='lat' dir='ltr'>caro</span> <span class='ocrx_word' id='word_1_228' title='bbox 1502 4239 1611 4324; x_wconf 90' lang='lat' dir='ltr'>accipe</span> <span class='ocrx_word' id='word_1_229' title='bbox 1634 4238 1710 4303; x_wconf 83' lang='lat' dir='ltr'>et³.</span> 
     </span>
     <span class='ocr_line' id='line_1_31' title="bbox 638 4335 1711 4425; baseline 0 -23"><span class='ocrx_word' id='word_1_230' title='bbox 638 4340 790 4423; x_wconf 86' lang='lat' dir='ltr'>accepta;</span> <span class='ocrx_word' id='word_1_231' title='bbox 814 4335 871 4401; x_wconf 91' lang='lat' dir='ltr'>sed</span> <span class='ocrx_word' id='word_1_232' title='bbox 894 4340 989 4400; x_wconf 90' lang='lat' dir='ltr'>tuum</span> <span class='ocrx_word' id='word_1_233' title='bbox 1011 4335 1115 4400; x_wconf 82' lang='lat' dir='ltr'>mihi⁴</span> <span class='ocrx_word' id='word_1_234' title='bbox 1137 4337 1304 4425; x_wconf 89' lang='lat' dir='ltr'>paulisper</span> <span class='ocrx_word' id='word_1_235' title='bbox 1326 4339 1585 4405; x_wconf 85' lang='lat' dir='ltr'>accommoda&#39;’⁶</span> <span class='ocrx_word' id='word_1_236' title='bbox 1618 4341 1711 4421; x_wconf 86' lang='lat' dir='ltr'>Quo.</span> 
     </span>
     <span class='ocr_line' id='line_1_32' title="bbox 638 4438 1692 4532; baseline 0.008 -29"><span class='ocrx_word' id='word_1_237' title='bbox 638 4444 777 4526; x_wconf 88' lang='lat' dir='ltr'>arrepto,</span> <span class='ocrx_word' id='word_1_238' title='bbox 799 4438 901 4503; x_wconf 91' lang='lat' dir='ltr'>alium</span> <span class='ocrx_word' id='word_1_239' title='bbox 933 4438 1094 4504; x_wconf 89' lang='lat' dir='ltr'>camelum</span> <span class='ocrx_word' id='word_1_240' title='bbox 1126 4440 1229 4527; x_wconf 89' lang='lat' dir='ltr'>priori</span> <span class='ocrx_word' id='word_1_241' title='bbox 1260 4463 1373 4528; x_wconf 88' lang='lat' dir='ltr'>parem</span> <span class='ocrx_word' id='word_1_242' title='bbox 1396 4444 1460 4508; x_wconf 90' lang='lat' dir='ltr'>sibi</span> <span class='ocrx_word' id='word_1_243' title='bbox 1485 4444 1586 4529; x_wconf 87' lang='lat' dir='ltr'>jussit</span> <span class='ocrx_word' id='word_1_244' title='bbox 1609 4467 1692 4532; x_wconf 78' lang='lat' dir='ltr'>prae-</span> 
     </span>
     <span class='ocr_line' id='line_1_33' title="bbox 639 4541 1690 4632; baseline 0.005 -25"><span class='ocrx_word' id='word_1_245' title='bbox 639 4542 771 4622; x_wconf 84' lang='lat' dir='ltr'>sentari,</span> <span class='ocrx_word' id='word_1_246' title='bbox 800 4563 898 4627; x_wconf 91' lang='lat' dir='ltr'>quem</span> <span class='ocrx_word' id='word_1_247' title='bbox 932 4541 1031 4608; x_wconf 90' lang='lat' dir='ltr'>simili</span> <span class='ocrx_word' id='word_1_248' title='bbox 1054 4541 1231 4609; x_wconf 88' lang='lat' dir='ltr'>decollavit</span> <span class='ocrx_word' id='word_1_249' title='bbox 1254 4544 1360 4611; x_wconf 89' lang='lat' dir='ltr'>alieno</span> <span class='ocrx_word' id='word_1_250' title='bbox 1385 4545 1496 4632; x_wconf 85' lang='lat' dir='ltr'>gladio</span> <span class='ocrx_word' id='word_1_251' title='bbox 1523 4546 1690 4628; x_wconf 86' lang='lat' dir='ltr'>facilitate,</span> 
     </span>
     <span class='ocr_line' id='line_1_34' title="bbox 639 4643 1709 4736; baseline 0.001 -27"><span class='ocrx_word' id='word_1_252' title='bbox 639 4649 673 4710; x_wconf 89' lang='lat' dir='ltr'>et</span> <span class='ocrx_word' id='word_1_253' title='bbox 707 4643 771 4710; x_wconf 90' lang='lat' dir='ltr'>sibi</span> <span class='ocrx_word' id='word_1_254' title='bbox 803 4667 899 4709; x_wconf 85' lang='lat' dir='ltr'>suum</span> <span class='ocrx_word' id='word_1_255' title='bbox 931 4667 1041 4710; x_wconf 92' lang='lat' dir='ltr'>ensem</span> <span class='ocrx_word' id='word_1_256' title='bbox 1068 4644 1172 4711; x_wconf 89' lang='lat' dir='ltr'>Arabi</span> <span class='ocrx_word' id='word_1_257' title='bbox 1202 4647 1392 4734; x_wconf 83' lang='lat' dir='ltr'>resignavit,</span> <span class='ocrx_word' id='word_1_258' title='bbox 1425 4656 1459 4714; x_wconf 92' lang='lat' dir='ltr'>et</span> <span class='ocrx_word' id='word_1_259' title='bbox 1490 4649 1553 4736; x_wconf 91' lang='lat' dir='ltr'>ipsi</span> <span class='ocrx_word' id='word_1_260' title='bbox 1582 4649 1709 4735; x_wconf 89' lang='lat' dir='ltr'>jocose.</span> 
     </span>
    </p>
   </div>
   <div class='ocr_carea' id='block_1_3' title="bbox 640 4878 1626 5184">
    <p class='ocr_par' dir='ltr' id='par_1_3' title="bbox 640 4878 1626 5184">
     <span class='ocr_line' id='line_1_35' title="bbox 673 4878 1625 4951; baseline 0.007 -22"><span class='ocrx_word' id='word_1_261' title='bbox 673 4878 753 4945; x_wconf 69' lang='lat' dir='ltr'>&#39;sitq</span> <span class='ocrx_word' id='word_1_262' title='bbox 774 4881 901 4944; x_wconf 77' lang='lat' dir='ltr'>Repented</span> <span class='ocrx_word' id='word_1_263' title='bbox 920 4879 983 4930; x_wconf 74' lang='lat' dir='ltr'>aster</span> <span class='ocrx_word' id='word_1_264' title='bbox 1000 4878 1141 4946; x_wconf 75' lang='lat' dir='ltr'>sutjupure,</span> <span class='ocrx_word' id='word_1_265' title='bbox 1165 4885 1168 4902; x_wconf 84' lang='lat'><strong>¹</strong></span> <span class='ocrx_word' id='word_1_266' title='bbox 1224 4880 1337 4946; x_wconf 63' lang='lat' dir='ltr'>&#39;acctpa</span> <span class='ocrx_word' id='word_1_267' title='bbox 1348 4882 1385 4948; x_wconf 80' lang='lat' dir='ltr'>et]</span> <span class='ocrx_word' id='word_1_268' title='bbox 1404 4882 1497 4934; x_wconf 79' lang='lat' dir='ltr'>Added</span> <span class='ocrx_word' id='word_1_269' title='bbox 1508 4883 1536 4933; x_wconf 91' lang='lat' dir='ltr'>in</span> <span class='ocrx_word' id='word_1_270' title='bbox 1547 4899 1625 4951; x_wconf 79' lang='lat' dir='ltr'>marg.</span> 
     </span>
     <span class='ocr_line' id='line_1_36' title="bbox 640 4959 1492 5027; baseline 0.006 -17"><span class='ocrx_word' id='word_1_271' title='bbox 640 4962 686 5011; x_wconf 86' lang='lat' dir='ltr'>but</span> <span class='ocrx_word' id='word_1_272' title='bbox 707 4960 850 5024; x_wconf 84' lang='lat' dir='ltr'>expuncted</span> <span class='ocrx_word' id='word_1_273' title='bbox 869 4959 896 5009; x_wconf 88' lang='lat' dir='ltr'>in</span> <span class='ocrx_word' id='word_1_274' title='bbox 921 4959 964 5010; x_wconf 81' lang='lat' dir='ltr'>the</span> <span class='ocrx_word' id='word_1_275' title='bbox 986 4961 1079 5010; x_wconf 84' lang='lat' dir='ltr'>second</span> <span class='ocrx_word' id='word_1_276' title='bbox 1101 4960 1141 5010; x_wconf 88' lang='lat' dir='ltr'>in·</span> <span class='ocrx_word' id='word_1_277' title='bbox 1225 4961 1316 5027; x_wconf 66' lang='grc' dir='ltr'>ἀιἸιι]</span> <span class='ocrx_word' id='word_1_278' title='bbox 1335 4962 1420 5022; x_wconf 86' lang='lat' dir='ltr'>michi,</span> <span class='ocrx_word' id='word_1_279' title='bbox 1435 4963 1492 5015; x_wconf 84' lang='lat' dir='ltr'>MS.</span> 
     </span>
     <span class='ocr_line' id='line_1_37' title="bbox 640 5041 1626 5109; baseline 0.007 -20"><span class='ocrx_word' id='word_1_280' title='bbox 640 5047 733 5090; x_wconf 76' lang='lat' dir='ltr'>clance.</span> <span class='ocrx_word' id='word_1_281' title='bbox 1224 5042 1234 5070; x_wconf 75' lang='lat'><em>⁵</em></span> <span class='ocrx_word' id='word_1_282' title='bbox 1245 5041 1408 5108; x_wconf 74' lang='lat' dir='ltr'>accommoda]</span> <span class='ocrx_word' id='word_1_283' title='bbox 1429 5047 1558 5109; x_wconf 83' lang='lat' dir='ltr'>acomode,</span> <span class='ocrx_word' id='word_1_284' title='bbox 1569 5045 1626 5098; x_wconf 81' lang='lat' dir='ltr'>MS.</span> 
     </span>
     <span class='ocr_line' id='line_1_38' title="bbox 673 5115 1091 5184; baseline 0.002 -16"><span class='ocrx_word' id='word_1_285' title='bbox 673 5119 684 5149; x_wconf 85' lang='lat'>²</span> <span class='ocrx_word' id='word_1_286' title='bbox 694 5115 851 5184; x_wconf 61' lang='lat' dir='ltr'>tornitrua]</span> <span class='ocrx_word' id='word_1_287' title='bbox 870 5116 1023 5179; x_wconf 85' lang='lat' dir='ltr'>humilimus,</span> <span class='ocrx_word' id='word_1_288' title='bbox 1034 5117 1091 5170; x_wconf 83' lang='lat' dir='ltr'>MS.</span> 
     </span>
    </p>
   </div>
   <div class='ocr_carea' id='block_1_4' title="bbox 0 0 2226 6388">
    <p class='ocr_par' dir='ltr' id='par_1_4' title="bbox 0 0 2226 6388">
     <span class='ocr_line' id='line_1_39' title="bbox 0 0 2226 6388; baseline 0 0"><span class='ocrx_word' id='word_1_289' title='bbox 0 0 2226 6388; x_wconf 95' lang='lat' dir='ltr'> </span> 
     </span>
    </p>
   </div>
  </div>
 </body>
</html>
