4442 6392
605 1122 695 1221 Ι350
755 1132 922 1189 murum
945 1133 1159 1189 enauimus
1183 1134 1348 1190 msrosm
1370 1134 1571 1188 morosius.

461 1323 531 1376 al).
545 1326 617 1381 lise.
628 1309 762 1387 direxit,
785 1309 975 1378 continetur
1009 1331 1206 1398 expressum.
1250 1311 1292 1379 In
1320 1312 1436 1398 primia
1467 1312 1573 1380 literis
1596 1334 1684 1400 papa

629 1413 736 1478 eidem
758 1413 808 1478 ita
829 1412 964 1479 scribit:

806 1614 964 1707 Epistola
981 1637 1084 1704 popu
1106 1612 1196 1684 besto
1222 1614 1352 1684 Timore
1374 1615 1513 1702 poium)

459 1765 529 1817 mm
537 1767 610 1818 letter
665 1753 684 1785 ‘¹
697 1750 790 1807 Novit
801 1750 948 1807 industria
959 1757 1020 1817 tua,
1038 1769 1128 1823 quam
1140 1752 1305 1808 ferventem
1316 1752 1396 1808 oiros
1409 1751 1495 1823 regni
1514 1751 1561 1807 sui
1574 1751 1682 1824 guber·
1694 1765 1852 1832 &weng

463 1833 542 1884 nithe
552 1850 616 1900 pope
627 1836 774 1892 nationem
800 1836 976 1895 karissimus
1002 1836 1034 1891 in
1052 1836 1172 1891 Ohristo
1197 1836 1276 1892 fliius
1301 1843 1402 1894 noster
1427 1833 1605 1907 H[enrious]
1625 1836 1680 1901 IL,
1728 1833 1823 1886 litto.

460 1899 616 2017 ffiffigmh·
627 1920 753 1976 illustris
770 1936 822 1975 rex
833 1919 1008 1991 Angiomm,
1022 1919 1183 1991 impendet,
1203 1926 1235 1976 et
1251 1919 1383 1984 eandem,
1397 1927 1431 1975 ut
1448 1920 1561 1976 firmior
1578 1919 1682 1976 hebes·

380 2017 383 2023 ·
535 1983 559 2032 ¹³²
628 2011 685 2070 tur,
706 2022 771 2060 eam
789 2003 856 2060 vult
872 2004 1046 2065 austeritate
1064 2003 1204 2058 mmmm
1223 2005 1357 2059 eoolesise
1374 2004 1515 2069 roborari,
1528 2011 1630 2075 petens
1648 2011 1683 2060 nt

627 2089 763 2160 antiques
789 2088 876 2159 regni
903 2088 950 2144 sni
977 2087 1205 2144 eonsuetudines
1233 2094 1264 2144 et
1288 2087 1450 2159 dignitates
1474 2105 1681 2145 oonservemus

626 2172 745 2228 illaesas.
783 2172 869 2237 Item,
890 2189 958 2228 oum
976 2171 1134 2243 legationis
1152 2171 1280 2226 oiiioium
1298 2172 1390 2227 totins
1401 2171 1520 2243 Angites
1537 2172 1681 2244 postules·
1725 2177 1730 2185 '

627 2263 673 2313 sat
698 2256 856 2313 instantius
884 2255 1061 2311 Eboraoensi
1087 2255 1306 2327 archiepiscopo
1337 2255 1495 2326 indulgeri,
1523 2263 1679 2328 pensantes

626 2348 759 2414 tempora
782 2339 957 2411 perieuloea,
989 2339 1147 2411 legationis
1177 2339 1278 2395 literas
1309 2340 1431 2412 presiate
1460 2340 1678 2413 archiepiscopo
1692 2355 1852 2421 nostem,

626 2424 825 2481 oonoedendas
843 2424 940 2479 eidem
958 2423 1025 2494 regi
1042 2424 1251 2487 oonoesslmns,
1280 2424 1352 2480 lieet
1377 2430 1533 2496 antequam
1558 2425 1678 2480 inclina·
1724 2422 1752 2473 ii.
1765 2428 1822 2476 337.

627 2527 727 2564 remur
757 2508 795 2562 ad
821 2525 1005 2572 eonsensum,
1025 2507 1126 2562 nuncii
1155 2507 1220 2578 ejus
1247 2507 1331 2563 nobie
1358 2508 1390 2563 in
1415 2508 1506 2564 verbo
1526 2510 1679 2565 veritatis²

626 2593 825 2665 promiserunt
843 2599 874 2649 et
891 2611 980 2665 super
1001 2592 1203 2662 juramentum
1229 2591 1407 2664 optulerunt,
1434 2593 1512 2665 quod
1530 2613 1679 2667 nunquam

627 2679 690 2733 sine
708 2677 859 2734 voluntate
882 2677 1002 2734 nostra¹
1025 2677 1121 2734 literas
1139 2677 1317 2732 Eboreoeusi
1338 2678 1558 2750 arehiepiscopo
1577 2680 1680 2735 redde·

627 2762 760 2819 rentur.”

1060 2905 1243 3000 eomodo!

572 3120 578 3133 .
671 3073 714 3137 in
735 3070 810 3137 aliis
832 3074 944 3137 autem
967 3069 1072 3136 literis
1094 3070 1163 3136 suis
1185 3069 1272 3138 idem
1297 3093 1382 3157 pape
1400 3071 1493 3139 dedit
1520 3071 1556 3138 in
1586 3087 1848 3168 man-Rogmoi.

627 3175 716 3241 detis
749 3172 989 3260 arehiepiseopo
1023 3176 1213 3253 memorato,
1249 3173 1285 3237 in
1321 3173 1448 3238 virtute
1485 3175 1678 3263 praecipiens
1721 3171 1749 3206 ¹¹·
1762 3160 1818 3207 ³³⁷·

628 3265 832 3354 obedientia,
859 3296 900 3340 ne
926 3275 962 3339 in
990 3274 1099 3365 ipsum
1127 3296 1248 3366 segem,
1274 3275 1328 3340 vel
1354 3298 1493 3365 regnum
1518 3277 1597 3368 ejus,
1625 3279 1679 3343 vei

626 3401 780 3468 personae
811 3377 914 3467 regni,
946 3377 1117 3447 interdicti
1151 3378 1205 3446 vel
1243 3379 1591 3447 excommunicationis
1626 3380 1679 3448 vel

626 3482 848 3571 suspensionis
877 3481 1102 3569 promulgaret
1124 3483 1335 3563 sententiam,
1358 3482 1424 3549 nisi
1447 3482 1536 3548 idem
1559 3506 1619 3548 rex
1642 3485 1678 3550 in

625 3586 807 3674 pertinacia
830 3606 889 3651 eus
914 3605 1135 3671 perseverans,
1156 3589 1235 3650 ente
1255 3585 1390 3651 initium
1411 3585 1679 3673 Quedrsgeeimae

625 3690 690 3756 sibi
720 3688 862 3785 gratiam
885 3710 979 3753 suam
1005 3710 1074 3754 non
1100 3687 1277 3766 redderet,⁸
1303 3692 1338 3753 et
1364 3687 1451 3754 bona
1476 3689 1588 3755 omnia
1613 3690 1678 3756 sibi

626 3798 660 3859 et
680 3793 748 3858 suis
768 3791 964 3857 restitueret.

713 4008 921 4076 Mamilium
938 4006 1077 4073 diemo
1098 4004 1174 4072 eine
1195 4004 1382 4090 earguiosie
1404 4005 1588 4093 effewioee.⁰

510 4214 516 4226 ,
670 4147 795 4217 Beatus
815 4145 920 4232 igitur
941 4143 1083 4210 Thomas
1110 4141 1183 4228 jam
1213 4141 1254 4207 de
1288 4146 1394 4208 morte
1428 4142 1619 4215 submotus
1641 4150 1692 4209 et.

543 4318 549 4333 ‚
624 4249 874 4329 martinorum
896 4268 993 4334 super
1015 4245 1080 4310 hiis
1102 4243 1345 4330 certificaretur,
1361 4266 1404 4310 ex
1419 4245 1488 4311 alto
1503 4246 1693 4335 ingemuit„

657 4508 742 4564 ¹'l'isis
763 4509 837 4560 letter
858 4507 881 4557 is
902 4505 979 4562 much
1001 4504 1076 4557 fuller
1097 4503 1125 4554 in
1203 4502 1323 4571 'moaJ
1343 4502 1478 4557 Soellthe
1494 4503 1674 4569 MSS..hnsin

625 4590 690 4658 Epp.
709 4588 752 4641 issi.
768 4587 838 4650 243
862 4587 900 4638 ed.
919 4585 999 4646 Gilee,
1019 4583 1046 4635 ii.
1067 4587 1124 4643 les,
1169 4580 1234 4638 Edd·
1252 4582 1304 4640 und
1323 4583 1361 4633 ed
1377 4582 1468 4638 Wend.
1490 4591 1577 4635 nava.
1609 4583 1673 4633 ‘I'iris

626 4666 852 4728 numeneus,
869 4663 943 4716 tertio
954 4665 1001 4715 oui.
1012 4661 1099 4714 Martii
1107 4661 1125 4685 ''
1169 4661 1311 4727 paragraph
1331 4661 1355 4712 is
1377 4661 1483 4714 omitted
1505 4663 1533 4713 in
1561 4663 1618 4715 edd.
1646 4664 1679 4713 oi

626 4747 673 4814 [2⁷
684 4748 770 4814 Feb.]‚
781 4746 865 4797 where
882 4745 904 4795 it
920 4744 942 4794 is
961 4742 1078 4809 assigned
1097 4750 1125 4794 to
1169 4741 1256 4806 Lupus
1268 4742 1318 4792 und
1330 4741 1411 4794 Giles.

624 4824 899 4892 theyesr1164‚and
917 4823 1080 4886 soindaffi,
1098 4838 1124 4888 p.
1202 4821 1286 4886 ⁴Epp.
1298 4820 1343 4871 lib.
1355 4821 1390 4872 iv.
1405 4827 1444 4872 16.

584 4914 589 4919 ’
625 4909 681 4958 697.
713 4906 739 4956 It
757 4905 779 4955 ie
799 4904 867 4967 here,
884 4903 1016 4965 therefore,
1036 4909 1081 4956 out
1098 4903 1129 4952 of
1202 4898 1344 4966 ’redum
1358 4899 1397 4954 At
1407 4901 1463 4955 ilrst
1471 4901 1572 4959 written
1581 4902 1671 4957 reddis.

622 4988 741 5052 placens
754 4985 845 5036 aleoin
857 4985 899 5036 W.
910 4985 947 5038 A.
957 4983 986 5041 0.
998 4983 1032 5038 D.
1043 4983 1073 5036 F.
1202 4991 1672 5062 tcompmffiemepoewy

656 5065 801 5130 ὐεήίαιὶε]
820 5062 1040 5128 Addedinmarg.
1169 5071 1351 5138 „imino
1363 5078 1422 5125 Ν.
