4442 6392
642 1191 708 1255 150
768 1200 935 1257 aramum
958 1199 1171 1252 esarsrmsrs
1194 1197 1358 1249 saroam
1379 1197 1580 1248 suanorum

475 1377 767 1445 AD·10⁹⁹·divinae
790 1377 996 1464 panderetur,
1024 1376 1094 1440 dux
1117 1376 1150 1439 N
1153 1395 1386 1441 ermannorum
1412 1374 1576 1439 Robertus
1599 1395 1709 1438 suam.

475 1469 585 1585 {yffi}
643 1482 813 1547 candalem
848 1482 931 1545 clam
962 1479 1160 1565 aliquotiens
1194 1477 1416 1557 extinxisset3
1451 1481 1485 1542 et
1520 1478 1598 1541 dum
1634 1477 1713 1542 diu.

475 1601 631 1680 rtornmdy,
643 1585 834 1662 oravissent,
856 1583 1043 1669 iterumque
1067 1587 1101 1647 et
1123 1583 1245 1647 iterum
1268 1581 1308 1646 de
1331 1580 1490 1645 electione
1512 1579 1714 1645 communi.

475 1683 616 1800 {gusffi}
643 1685 715 1754 ter¹
751 1687 991 1762 tractavissent,
1026 1685 1163 1750 tandem
1193 1705 1307 1749 omnes
1337 1683 1548 1762 unanimiter,
1579 1682 1712 1747 relicto.

474 1801 597 1867 signator,
643 1793 726 1856 duce
764 1790 921 1869 Roberto,
960 1792 1151 1854 constanter
1187 1787 1288 1851 immo
1326 1786 1492 1852 obstinate
1521 1785 1712 1850 contradi.

475 1868 760 2007 l31:¹2{¹3¹2sscente?
783 1893 899 1958 ducem
926 1891 1142 1958 Godcfridum
1173 1894 1388 1955 consonantes
1418 1889 1601 1976 gaudenter
1631 1888 1694 1953 ele-

475 2024 566 2088 freyn
643 2002 774 2084 gerunt,
797 2002 832 2061 et
855 1994 996 2060 electum
1026 1993 1196 2080 sepulchro
1227 1993 1363 2058 Domini
1387 2015 1461 2058 cum
1483 1991 1638 2056 laudibus
1661 1996 1695 2056 et

477 2089 576 2222 Ἠ
644 2097 803 2184 hymnis³
825 2097 1058 2184 sollempniter,
1083 2096 1292 2161 erubescente
1323 2096 1404 2161 duce
1428 2095 1583 2173 Robert0,
1611 2117 1713 2182 prae·.

477 2224 581 2276 elected
644 2207 869 2269 sentaverunt.
924 2200 971 2265 Et
1002 2199 1063 2265 hoc
1094 2199 1284 2276 meritant
1310 2199 1435 2285 primus
1458 2199 1502 2263 ad
1524 2204 1714 2286 capturam.

646 2305 704 2391 qui
725 2305 874 2381 intravit,
898 2303 1025 2391 primus
1048 2307 1083 2368 et
1106 2302 1318 2390 dignissimus
1338 2301 1375 2365 in
1397 2301 1571 2367 dominatu
1593 2301 1714 2367 eccla.

478 2411 800 2473 Eleooonotmaretur.
846 2408 989 2472 Etcum
1012 2405 1160 2491 ejusdem
1183 2404 1330 2470 civitatis
1356 2405 1543 2491 patriarcha
1564 2405 1714 2470 noviter.

479 2486 615 2605 fflsshpff'
648 2508 805 2588 obiisset,⁴
830 2510 870 2576 de
904 2510 969 2576 alio
1003 2509 1107 2596 ipsius
1144 2508 1215 2573 loco
1245 2508 1477 2573 constituendo
1515 2513 1697 2574 tractatum

480 2621 629 2674 tenuem.
648 2614 815 2692 habentes,
831 2614 942 2679 favore
965 2613 1057 2678 ducis
1075 2611 1109 2676 N
1111 2633 1343 2676 ermannorum
1360 2611 1521 2692 Roberti,⁵
1536 2613 1698 2697 quendam

649 2714 942 2781 Maturanensem⁰
972 2716 1014 2780 de
1041 2713 1204 2793 Calabria,
1228 2713 1439 2800 Amulphum
1470 2715 1613 2792 nominc,
1637 2714 1701 2779 sibi

650 2818 855 2896 familiarem,
879 2817 1043 2904 quendam
1066 2815 1210 2882 scilicet⁷
1232 2816 1410 2882 sacerdotis
1433 2817 1548 2896 filium,
1565 2822 1600 2883 et
1613 2817 1702 2882 inter

650 2921 838 3009 peregrinos
859 2921 901 2985 de
923 2919 1168 2984 incontinentia
1190 2924 1225 2984 et
1247 2920 1352 2983 nimia
1377 2920 1515 2986 levitate
1537 2925 1701 2997 notatum,

651 3025 687 3088 in
709 3023 786 3088 sede
809 3019 1031 3087 contradunt⁸
1048 3021 1267 3109 patriarchali.
1315 3023 1382 3087 Sed
1403 3022 1493 3088 idem
1508 3024 1701 3111 Arnulphus

652 3125 719 3190 cita
750 3129 865 3202 morte,
889 3124 960 3189 Deo
991 3124 1107 3204 ultore,
1136 3131 1335 3212 praeventus,
1361 3131 1485 3192 temere
1517 3133 1701 3214 susceptam

652 3232 783 3294 coactus
815 3233 865 3292 est
898 3227 1059 3314 deponere
1088 3227 1298 3314 dignitatem.
1344 3228 1425 3296 Post
1458 3230 1552 3295 illurn
1580 3236 1725 3312 autem,¹

652 3337 791 3398 vacante
806 3332 881 3396 sede
903 3353 1103 3417 permenses
1118 3331 1272 3418 quinque,
1290 3332 1347 3418 qui
1367 3338 1544 3419 praesentes
1559 3334 1703 3411 fuerunt,

652 3439 727 3522 post
758 3434 900 3498 multam
932 3434 1210 3510 deliberationem,
1235 3435 1457 3500 venerabilem
1479 3436 1590 3500 virum
1622 3436 1702 3500 Dai-

652 3538 785 3602 bertum
807 3537 843 3600 in
866 3537 985 3601 throno
1008 3537 1224 3623 patriarchali
1246 3544 1281 3602 et
1303 3538 1339 3602 in
1363 3560 1440 3603 cura
1456 3538 1615 3604 collocant
1630 3561 1702 3625 pas-

655 3639 759 3705 torali.
806 3639 888 3704 Fuit
922 3645 1034 3705 autem
1067 3644 1166 3705 antea
1197 3640 1367 3727 episcopus
1397 3641 1527 3707 Pisanae
1551 3641 1700 3721 eeclesiae,

686 3894 693 3924 ¹
706 3892 736 3943 de
747 3890 859 3942 electione
877 3891 1043 3956 communiter]
1064 3891 1156 3940 Added
1203 3906 1254 3940 was
1266 3906 1282 3940 a
1293 3891 1379 3941 native
1390 3892 1420 3942 of
1432 3892 1578 3942 Martorano
1589 3891 1616 3942 iu
1629 3893 1703 3945 cala-

652 3973 680 4023 in
691 3987 771 4037 marg.
1176 4026 1179 4046 Ι
1201 3970 1266 4030 bria,
1283 3970 1396 4021 whereas
1419 3972 1459 4021 his
1480 3973 1531 4022 real
1554 3989 1628 4023 name
1650 3989 1702 4023 was

686 4051 896 4116 'conoodicerrtd
912 4050 1051 4100 Sowritten
1060 4057 1086 4099 at
1094 4050 1157 4110 first,
1177 4053 1179 4070 '
1202 4049 1353 4114 Amulphus
1376 4052 1407 4100 de
1431 4052 1525 4112 ltoheS,
1546 4053 1701 4117 uFleming,

654 4131 852 4183 butasterwards
863 4130 955 4180 altered
966 4130 1118 4194 improperly
1130 4139 1156 4180 to
1201 4129 1258 4178 who
1269 4130 1292 4178 is
1309 4131 1362 4179 said
1373 4132 1408 4195 by
1420 4130 1490 4180 Will.
1507 4132 1578 4196 Tyr„
1591 4148 1630 4196 pp
1646 4137 1702 4193 tea,

652 4209 849 4271 contradicentes,
861 4208 976 4258 whichis
988 4209 1104 4259 followed
1121 4210 1156 4273 by
1202 4213 1250 4258 764
1263 4210 1334 4271 (who
1345 4209 1369 4260 is
1381 4211 1499 4261 followed
1511 4213 1545 4276 by
1556 4213 1703 4262 Wendover

652 4290 684 4340 Ε,
1202 4289 1252 4337 and
1263 4289 1298 4338 A.
1311 4289 1341 4340 (2.
1352 4290 1408 4354 D.),
1424 4297 1451 4339 to
1465 4290 1530 4340 have
1546 4293 1610 4341 been
1627 4293 1701 4341 made
1717 4332 1724 4343 .

686 4368 811 4435 ’hyroniq
830 4367 923 4432 ymnis,
934 4366 991 4416 its.
1201 4367 1328 4431 patriarch
1340 4370 1369 4418 oi
1385 4370 1525 4420 denrsolem
1536 4371 1647 4436 through
1658 4371 1701 4421 the

687 4446 817 4514 «arroso
837 4446 1004 4507 ocreatus.
1201 4432 1726 4513 intriguesotthebishopothtartorano.'

687 4526 823 4592 ‘Robertr]
844 4526 900 4576 The
911 4525 960 4576 last
971 4525 1078 4591 syllable
1089 4525 1110 4574 is
1123 4541 1155 4575 on
1202 4525 1250 4575 See
1265 4527 1357 4576 Albert
1374 4527 1488 4592 Aquom,
1508 4544 1532 4592 p.
1551 4535 1618 4588 2853
1640 4529 1701 4580 Ord.

653 4624 686 4659 an
697 4623 803 4658 erasure.
1201 4605 1292 4666 vital,
1317 4606 1351 4658 iii
1382 4614 1445 4667 612;
1476 4608 1589 4672 Ughelli,
1621 4609 1699 4657 “ltal.

687 4685 825 4750 ⁶quendum
852 4684 1068 4750 Moturonensem]
1099 4684 1155 4734 The
1202 4684 1304 4744 Sacra,”
1328 4686 1365 4735 ix.
1387 4691 1451 4746 2703
1475 4689 1524 4736 and
1549 4689 1586 4737 Le
1609 4688 1700 4750 Quien,

655 4774 711 4816 text
721 4781 781 4825 was,
792 4780 826 4814 no
837 4766 923 4825 doubt,
935 4764 1070 4830 originally
1086 4765 1155 4814 writ-
1201 4769 1215 4791 “
1224 4765 1322 4816 Oriens.
1332 4766 1451 4827 Christ,'’
1463 4767 1499 4817 iii.
1514 4773 1584 4816 1243.

655 4852 698 4895 ten
710 4845 836 4909 episcopus
851 4843 949 4908 quidam
964 4843 1154 4894 Moturunensr's
1234 4844 1359 4911 mother]
1379 4847 1525 4896 Interlined.

655 4925 696 4988 (aa
705 4924 732 4971 in
740 4922 782 4972 W.
792 4924 826 4973 A.
840 4924 868 4974 C.
878 4924 911 4973 D.
923 4925 966 4988 L),
976 4925 1024 4991 but
1033 4924 1080 4974 hus
1091 4927 1154 4974 been
1232 4926 1412 4992 'contrudanq
1432 4927 1523 4991 Partly
1540 4942 1573 4975 on
1594 4942 1626 4975 an
1646 4942 1700 4978 era-

654 5004 832 5068 subsequently
847 5005 934 5054 erased
948 5005 997 5053 and
1012 5004 1114 5065 altered,
1126 5020 1154 5054 so
1202 5019 1267 5053 sure.
1301 5005 1332 5054 In
1344 5005 1386 5057 W.
1399 5007 1432 5055 Λ.
1446 5006 1474 5057 C.
1486 5005 1519 5057 D.
1529 5008 1653 5057 eonousit.

653 5097 682 5133 as
694 5090 721 5132 to
732 5065 834 5132 makeit
841 5097 932 5147 appear
939 5082 994 5134 that
1002 5082 1153 5149 Arnulphus
