4442 6392
665 1137 730 1202 312
799 1152 964 1201 narrum
987 1150 1200 1200 rrnrsrsrsrs
1222 1148 1384 1199 nrsroum
1405 1148 1606 1199 arenosum

666 1421 716 1486 De
731 1420 974 1488 coarecrctimae
994 1418 1273 1507 B[ar·ttolomoet],
1287 1416 1494 1485 Ecoaierreia
1516 1417 1673 1506 epiceopi,
1689 1424 1720 1484 ct

925 1520 1017 1611 [cle]¹
1046 1521 1227 1599 miraculo,
1254 1519 1344 1609 quod
1366 1520 1463 1587 vidit.

498 1668 568 1804 gp.
583 1673 655 1720 1161.
712 1673 811 1737 Anno
827 1672 962 1737 Domini
977 1669 1178 1737 u⁰‚c⁰.nx⁰.1⁰.
1196 1670 1467 1751 Bartholomaeus,
1482 1670 1535 1734 vir
1547 1670 1719 1757 religiosus

536 1767 636 1803 Μη-

498 1818 552 1868 tion
563 1818 594 1868 or
667 1777 702 1839 et
716 1773 753 1838 in
767 1772 960 1859 theologicis
975 1773 1156 1859 disciplinis
1170 1774 1337 1859 eleganter
1351 1772 1510 1847 eruditus,
1527 1795 1548 1837 a
1563 1771 1719 1850 Waltem,
1730 1791 1899 1872 Rspwfflo.

499 1884 631 1935 Rauola
668 1874 802 1940 Rofensi
834 1874 994 1962 episcopo,
1027 1880 1235 1941 consecratus
1268 1880 1320 1940 est
1351 1875 1492 1940 antistes
1514 1875 1720 1941 Exoniensis.
1766 1873 1793 1910 ¹¹·
1806 1865 1867 1912 m·

498 1951 718 2068 ffi’ekwae
740 1977 802 2043 hoc
825 1976 1068 2043 Bartholomaeo
1091 1976 1274 2043 venerabili
1290 1977 1360 2042 viro
1383 1976 1473 2042 fama
1493 1977 1594 2044 refert
1615 1975 1720 2061 notis·

666 2081 758 2160 sima,
789 2084 824 2144 et
855 2101 929 2145 cum
959 2080 1086 2166 scripti,
1123 2081 1212 2165 quod
1245 2079 1334 2145 idem
1369 2080 1540 2168 episcopus
1569 2079 1738 2163 confecit„

665 2181 864 2258 testimonio,
895 2183 1009 2248 crebra
1039 2181 1186 2268 ejusdem
1217 2182 1342 2260 relatio,
1378 2181 1466 2268 quod
1489 2180 1587 2248 cum'
1607 2179 1737 2252 lucro'.

543 2302 546 2309 ·
666 2284 850 2348 animarum
865 2283 1006 2349 devotus
1027 2284 1216 2364 intendens,
1231 2284 1435 2371 parrochiam
1449 2306 1543 2349 suam
1556 2283 1719 2361 visitaret,

667 2387 703 2450 in
726 2387 807 2451 villa
829 2387 972 2472 quadam
995 2386 1171 2473 campestri
1201 2409 1277 2453 cum
1306 2387 1375 2451 suis
1397 2387 1521 2453 clericis
1542 2387 1628 2453 forts
1650 2408 1722 2474 per-

499 2490 823 2558 viaionreennoctavit.
870 2489 1046 2555 Dormiens
1068 2489 1173 2576 igitur
1194 2489 1236 2555 de
1258 2494 1355 2554 nocte
1377 2489 1414 2553 in
1429 2488 1547 2555 solario
1570 2489 1721 2575 quodam,

499 2571 605 2637 ΨΜ
669 2591 757 2679 quod
779 2590 921 2658 ecclesiae
943 2591 1034 2658 villae
1049 2614 1088 2657 ao
1111 2591 1274 2657 cimiterio
1297 2590 1516 2668 imminebat‚⁴
1539 2612 1614 2657 cum
1636 2591 1721 2657 circa

667 2694 773 2759 noctis
795 2694 940 2759 medium
974 2693 1017 2758 ad
1048 2694 1234 2759 matutinas
1268 2692 1492 2760 decantandas
1525 2693 1721 2780 evigrilaaeer,

667 2795 787 2874 lumen,
811 2797 900 2881 quod
932 2796 969 2859 in
1002 2794 1073 2881 ejus
1104 2796 1251 2861 thalamo
1274 2796 1388 2861 ardere
1410 2799 1633 2875 consueverat,
1664 2818 1721 2882 ap-

666 2898 803 2983 parebat
817 2897 1011 2963 extinctum.
1059 2898 1240 2985 Episcopus
1254 2897 1359 2984 igitur
1373 2898 1610 2964 cubicularium
1624 2920 1720 2964 suum

667 2999 853 3086 objurgans,
876 2999 964 3086 quod
986 3000 1021 3064 in
1045 3000 1193 3065 tenebris
1216 3000 1382 3079 dormiret,
1399 3001 1555 3093 praecepit
1577 3005 1618 3066 ut
1631 3000 1720 3066 velo-

667 3103 750 3167 citer
764 3102 876 3167 lumen
892 3108 1054 3188 quaereret
1069 3109 1104 3169 et
1118 3103 1259 3169 afferret.
1299 3103 1433 3169 Interea
1447 3124 1527 3168 vero
1542 3103 1719 3190 opiscopus,

668 3204 746 3268 dum
769 3203 905 3268 luminis
927 3203 1110 3270 adventum
1134 3204 1276 3292 vigilans
1306 3205 1560 3291 praestolaretur,
1591 3205 1721 3271 audivit

667 3304 841 3370 manifeste
872 3306 1040 3391 quandam
1073 3328 1188 3372 vocem
1219 3306 1377 3393 puerilem
1411 3306 1500 3373 hunc
1536 3329 1739 3392 sermonem·

499 3427 571 3478 Noa
581 3431 655 3480 aira
667 3408 806 3494 Angliee
828 3408 1109 3494 pronunciantem,
1135 3417 1152 3443 “
1168 3408 1284 3474 Riseth
1307 3432 1357 3495 op,
1374 3410 1438 3474 alle
1455 3409 1579 3476 Oristes
1600 3411 1738 3487 ioorna·

498 3492 635 3614 mdia
669 3509 839 3576 Levenoth
862 3532 921 3576 ure
952 3511 1046 3576 feder
1080 3511 1117 3575 of
1146 3510 1194 3600 pis
1217 3511 1322 3577 wrold
1351 3511 1516 3578 fundeth.'’
1563 3511 1609 3578 Et
1631 3513 1738 3578 hunc·

634 3599 642 3614 ⁶
669 3633 850 3678 sermonem
873 3612 1004 3677 audivit
1026 3610 1196 3700 episcopus
1220 3613 1418 3699 aliquotiens
1440 3615 1628 3701 repetitum.
1675 3614 1739 3680 Et·

668 3719 790 3800 postea,
810 3715 908 3800 juxta
922 3714 1006 3778 talia
1020 3714 1304 3801 pronunciantem,
1319 3716 1413 3780 volut
1435 3737 1611 3802 puerorum
1625 3738 1739 3781 voces·

669 3816 800 3881 audivit
821 3801 1050 3903 plangentium
1082 3821 1195 3902 aperte
1227 3823 1262 3881 et
1293 3816 1496 3882 articulatim
1530 3818 1720 3896 dicentium,

670 3927 688 3954 “
703 3918 763 3984 Vae
786 3917 900 3983 nobis!
923 3940 976 3983 vae
999 3917 1116 3983 nobis!
1164 3918 1247 3998 Quis
1269 3919 1388 3984 amodo
1411 3941 1470 4004 pro
1492 3921 1589 3987 nobis
1610 3920 1720 3985 orabit

670 4030 704 4089 et
726 4025 918 4090 elemosinas
941 4024 1058 4089 dabirr
1080 4024 1134 4089 vel
1156 4046 1215 4110 pro
1237 4029 1351 4089 nostra
1372 4027 1479 4091 salute
1501 4028 1616 4092 missas
1638 4028 1720 4093 oele-

669 4126 804 4192 brabier
835 4127 961 4213 Migrat
983 4127 1025 4190 ab
1049 4125 1109 4192 hoc
1133 4127 1240 4192 seculo
1263 4131 1374 4193 noster
1403 4128 1589 4195 consolator
1618 4130 1740 4196 Leve.

669 4225 842 4293 nothus’'⁵
888 4227 1031 4294 Etcum
1054 4227 1179 4313 primus
1201 4227 1318 4293 horum
1341 4250 1525 4314 puerorum,
1541 4231 1598 4316 qui
1621 4236 1739 4297 antea.

667 4330 796 4416 locutus
818 4330 937 4411 fuerat,
960 4330 1085 4395 diceret
1106 4351 1187 4396 voce
1218 4352 1284 4417 qua
1305 4332 1398 4417 prius
1420 4332 1476 4397 sed
1500 4332 1740 4419 solempniori,.

669 4438 689 4467 “
705 4432 903 4518 Requiescat
934 4432 971 4495 in
1004 4430 1111 4519 pace,''
1147 4430 1390 4518 responderunt
1423 4455 1536 4500 omnes
1569 4435 1626 4499 alii
1656 4435 1740 4501 sub.

582 4675 584 4679 ’
705 4675 768 4742 ¹de]
788 4674 911 4740 Supplied
921 4675 987 4725 from
998 4675 1041 4726 W.
1052 4674 1087 4725 A.
1100 4674 1129 4726 C.
1138 4674 1171 4724 D.
1252 4675 1423 4743 ‘imminebutJ
1442 4678 1571 4739 iminebat,
1582 4677 1640 4731 MS.

670 4756 693 4806 Il

702 4834 790 4900 ὀισπ]
810 4832 1173 4899 Addedinmarg.;dum,W.
1252 4832 1437 4902 {Marathus}
1474 4837 1567 4889 Added
1586 4839 1614 4887 in
1639 4853 1719 4905 marg.

670 4913 704 4964 A.
718 4912 746 4964 O.
758 4913 793 4963 D.
1218 4911 1273 4962 The
1294 4928 1368 4965 name
1385 4915 1408 4964 is
1430 4921 1475 4966 not
1497 4916 1574 4981 given
1597 4917 1720 4984 byWen·

702 4990 804 5058 ΠΜ]
834 4991 871 5042 Ar
891 4993 947 5044 first
968 4992 1068 5045 written
1089 4990 1174 5054 Iaera,
1217 4993 1312 5053 dorem
1330 4993 1460 5046 norint.
1473 4995 1543 5048 c.1).

669 5071 735 5123 asin
746 5071 789 5121 W.
800 5071 835 5121 A.
846 5071 916 5124 0.D.
