4442 6392
722 1177 954 1228 namurcen
976 1176 1077 1227 naurs
1099 1175 1274 1227 vmnmur
1301 1175 1413 1225 rnnrs
1553 1161 1594 1222 15

525 1362 661 1429 mensis
692 1362 990 1451 archipraesulatua,
1028 1367 1064 1428 et
1094 1362 1173 1428 licet
1202 1367 1362 1439 sanctum,
1396 1383 1457 1428 sua
1485 1365 1600 1426 tamen
1611 1362 1681 1416 al).
1696 1364 1768 1414 1⁰⁷¹·

526 1464 678 1531 inflavit
711 1465 850 1533 scientia
880 1471 917 1530 et
938 1465 1046 1531 erexit
1072 1463 1221 1551 dignitas
1243 1463 1405 1530 secularis.
1450 1462 1600 1548 cumque

526 1567 719 1635 ‚memorati
740 1567 863 1647 exules,
887 1566 1053 1654 adjunctis
1077 1566 1143 1633 sibi
1164 1566 1415 1655 quamplurimis
1443 1565 1601 1652 injuriam

527 1670 661 1758 passis,
675 1671 712 1737 in
726 1670 963 1757 compatriotas
985 1668 1199 1736 decrevissent
1225 1674 1261 1734 et
1282 1669 1427 1755 dampna
1445 1669 1601 1734 irrestau-

527 1773 665 1839 ‚rabilis
697 1772 901 1843 Normanuia
934 1773 1143 1859 irrogassent,
1173 1771 1216 1837 ad
1250 1770 1428 1857 Elyensem
1457 1770 1601 1835 insulam

548 1876 683 1941 tandem
705 1875 888 1956 venientes,
910 1874 1019 1941 locum
1042 1873 1223 1939 mansionis
1248 1878 1284 1939 et
1305 1873 1425 1961 refugii
1446 1872 1515 1939 illic
1536 1871 1601 1937 sibi

548 1977 727 2065 elegerunt.
783 1976 849 2058 Qui
873 1977 994 2065 saepius
1015 1976 1108 2042 illinc
1129 1974 1297 2042 hostiliter
1322 1980 1490 2052 exeuntes,
1519 1974 1600 2039 duce
1611 1993 1737 2046 Prooeed-

550 2079 762 2158 Herevvardo,
789 2081 861 2145 viro
887 2078 1092 2146 nobilissimo
1116 2084 1151 2144 et
1180 2079 1218 2143 in
1239 2079 1339 2143 armis
1364 2077 1601 2156 strenuissimo,
1612 2061 1759 2178 {Q

550 2188 659 2248 totum
680 2183 767 2269 regis
788 2204 929 2270 regnum
950 2204 1018 2247 non
1044 2181 1254 2247 mediocriter
1275 2180 1473 2267 affligebant
1524 2178 1603 2245 Cas·

470 2313 476 2326 ·
550 2291 639 2351 trum
655 2306 785 2371 quoque
799 2284 955 2373 ligneum,
968 2284 1056 2371 quod
1070 2306 1176 2371 usque
1190 2282 1287 2350 hodie
1304 2281 1484 2351 Castellum
1500 2282 1603 2351 Here

551 2387 655 2452 vardi
688 2391 910 2473 nuncupatur,
933 2385 971 2450 in
1001 2386 1054 2452 sui
1085 2385 1306 2451 defensionem
1338 2390 1603 2452 construxerunt.

531 2490 629 2556 ..Iam
647 2489 784 2577 jamque
806 2511 881 2556 cum
911 2490 1057 2556 cruentis
1079 2489 1230 2576 suspiriis
1252 2489 1490 2575 poenituerunt,
1512 2489 1603 2577 prius

532 2592 819 2658 ‚normannorum
834 2592 1004 2679 superbire,
1021 2597 1200 2677 antequam
1222 2591 1321 2657 urbes
1335 2597 1369 2657 et
1384 2597 1492 2657 cestra
1511 2612 1604 2656 occu-

532 2699 693 2782 passent,
721 2695 837 2761 taliter
873 2717 940 2761 non
977 2694 1147 2776 restitisse,
1177 2715 1290 2760 omnes
1312 2694 1457 2780 profecto
1479 2692 1604 2760 desub

533 2797 634 2864 ·coelo
663 2796 870 2863 delevissent.
916 2797 984 2864 Sed
1005 2818 1119 2864 eorum
1141 2796 1371 2884 promissiones
1393 2796 1548 2876 subdolae,
1570 2801 1606 2862 et

533 2900 654 2966 ·verba
671 2921 769 2986 super
791 2900 900 2966 oleum
923 2899 1053 2965 mollita
1068 2904 1103 2965 et
1125 2920 1224 2987 super
1244 2899 1296 2965 lac
1321 2900 1457 2978 mellita,
1479 2897 1605 2986 Anglo·

534 3024 626 3068 ·rum
641 3002 850 3068 credulorum
871 3001 1092 3081 constantiam
1112 2999 1375 3068 enervaverunt¹
1422 3002 1605 3091 Divulgato

533 3110 664 3170 -autem
693 3103 885 3190 hujusmodi
908 3127 1048 3185 rumore,
1062 3125 1124 3170 rex
1146 3104 1340 3185 Willelmus,
1365 3105 1504 3171 bellator
1529 3099 1733 3177 cau-william

534 3207 708 3286 -tissimus,
730 3213 909 3295 antequam
931 3207 1030 3294 hujus
1051 3206 1304 3294 conspirationis
1325 3229 1481 3273 numerus
1502 3207 1605 3273 robur
1616 3193 1767 3326 {affl}

536 3315 588 3376 ·et
609 3309 735 3376 radices
759 3310 796 3374 in
818 3310 923 3376 altum
946 3308 1162 3397 germinando
1185 3310 1343 3390 mitteret,
1366 3310 1473 3376 nullas
1495 3331 1604 3377 morae
1616 3326 1738 3391 Elyma

535 3417 740 3489 annectens,
764 3417 944 3479 convocata
964 3412 1070 3478 totius
1098 3411 1307 3483 fortitudinis
1328 3434 1398 3478 suae
1418 3394 1724 3511 nobilitassssflffiffffl

535 3515 597 3579 ·ad
631 3515 773 3581 insulam
810 3516 963 3603 pervenit
1000 3519 1223 3592 memoratam,
1263 3521 1299 3580 et
1335 3515 1441 3601 ipsam
1482 3516 1606 3597 navali,

535 3617 698 3704 pedestri
720 3623 755 3683 et
777 3620 923 3705 equestri
943 3616 1114 3685 exercitu⁹
1138 3618 1389 3700 circumcinxit3
1413 3620 1606 3706 magnisque

535 3721 705 3786 ·trabibus
727 3725 763 3787 et
789 3720 889 3786 remis
912 3721 1186 3802 concreticulatis,
1210 3721 1247 3785 in
1269 3720 1408 3786 marisco
1430 3726 1466 3786 et
1488 3723 1608 3787 harun-

535 3822 669 3888 dineto
691 3823 764 3888 vias
786 3823 879 3910 prius
899 3823 1009 3892 invias
1030 3824 1160 3912 pervias
1190 3822 1337 3890 reddidit
1368 3827 1403 3888 et
1429 3828 1609 3889 transmea-

536 3924 644 3992 -biles
691 3924 878 4012 Omnesque
916 3926 980 3992 sibi
1018 3927 1232 3992 adversantes
1262 3925 1379 3990 multis
1409 3926 1537 4011 proeliis
1573 3929 1609 3990 et

537 4026 742 4109 -aaeultibua,
765 4050 905 4114 quorum
919 4030 1029 4094 varios
1043 4050 1138 4096 cesus
1159 4028 1295 4116 longum
1310 4033 1396 4094 esset
1418 4028 1608 4110 describere,

537 4130 691 4196 tandem
705 4130 861 4199 edomuit
908 4131 1131 4199 Herevardus
1146 4136 1258 4198 tamen
1275 4130 1476 4218 comperiens
1497 4131 1609 4198 hostes

539 4253 631 4298 -suos
666 4233 784 4298 diatim
814 4233 877 4299 sibi
899 4235 1054 4300 nocivum
1085 4235 1324 4300 incrementum
1351 4233 1523 4319 suscipere,
1556 4257 1609 4300 as-

540 4336 698 4422 sumptis
721 4357 831 4402 secum
852 4337 1014 4407 sociorum
1043 4359 1178 4403 suorum
1203 4335 1394 4424 praeelectis,
1418 4358 1537 4404 cuneos
1559 4337 1609 4403 in-

537 4438 727 4505 .imicorum
749 4461 883 4508 suorum
905 4441 1166 4527 pertranseundo
1187 4445 1340 4527 potenter
1354 4440 1551 4527 penetravit,
1574 4445 1611 4507 et

537 4541 745 4607 ceciderunt
758 4541 801 4607 ab
815 4563 854 4609 eo
876 4542 1031 4630 dissipati
1052 4544 1107 4608 vel
1129 4543 1204 4608 caesi
1218 4566 1240 4608 a
1253 4542 1381 4607 dextris
1403 4547 1438 4609 et
1455 4543 1607 4623 sinistris,
1620 4562 1759 4615 fimus

538 4648 591 4708 .et
612 4642 656 4708 ad
670 4642 818 4710 Soociam
839 4645 1036 4732 quantocius
1051 4644 1223 4727 avolavit3
1245 4645 1335 4710 unde
1355 4645 1462 4712 adhuc
1484 4644 1608 4734 Scocia,
1620 4638 1760 4750 &tm

592 4961 798 5029 'marcq
818 4965 1023 5027 enemsvitMS.
1106 4969 1152 5013 out
1174 4963 1201 5013 in
1223 4965 1257 5015 all
1279 4966 1322 5017 the
1337 4966 1410 5017 other
1429 4983 1498 5019 cases
1514 4967 1545 5018 of
1556 4967 1609 5018 this

591 5040 601 5068 ²
611 5042 732 5107 wercinr]
744 5043 879 5106 excercitu,
886 5045 952 5106 MS,
960 5047 1010 5095 and
1018 5045 1061 5097 the
1107 5049 1184 5098 word

559 5131 627 5168 seme
646 5121 819 5187 orthogrsphy
832 5138 921 5174 occurs
939 5124 1061 5190 through·
