4442 6392
582 1173 647 1237 166
714 1182 879 1255 manassi
901 1181 1114 1235 rsarsrrnsrs
1135 1180 1300 1234 marcius
1321 1181 1521 1233 mononem.

414 1358 690 1426 murmuravit
711 1356 871 1425 familiam
895 1380 989 1425 suam
1014 1358 1052 1425 in
1083 1358 1163 1425 urbe
1186 1356 1431 1427 cenomannica
1452 1355 1652 1423 arctissime.

581 1460 743 1539 obsideri,¹
768 1465 804 1529 et
834 1462 937 1529 solam
969 1466 1152 1552 expectare,
1179 1461 1245 1527 nisi
1276 1460 1374 1528 citius
1403 1459 1653 1537 liberarentur„

581 1563 801 1632 miserabilem
825 1565 1019 1652 captionem.
1066 1565 1140 1633 Rex
1164 1569 1275 1631 autem
1298 1564 1368 1631 baec
1389 1563 1535 1645 audiens,
1559 1585 1653 1630 cum.

582 1668 759 1736 intinctam
782 1668 964 1735 buccellam
979 1668 1029 1735 ori
1051 1667 1271 1755 applicuisset,
1295 1667 1408 1733 voleus
1432 1688 1505 1734 eam
1529 1686 1654 1733 come.

582 1773 667 1851 dere,
684 1771 855 1859 redarguit
870 1793 946 1837 eum
968 1772 1109 1839 nuncius
1128 1770 1284 1859 graviter,
1302 1770 1446 1857 jurando
1461 1770 1654 1847 affirmans„

583 1876 672 1963 quod
694 1874 806 1964 tepide
830 1879 939 1943 motus
973 1873 1039 1941 fuit
1061 1896 1159 1963 super
1181 1873 1244 1941 tali
1270 1895 1404 1941 suorum
1428 1873 1573 1962 periculo
1600 1878 1654 1939 et.

581 1978 714 2068 propria
730 1978 869 2065 jactura,
885 1979 1019 2067 insuper
1033 1978 1074 2045 de
1096 1997 1251 2044 succursu
1269 1998 1418 2045 morosus
1432 1976 1655 2045 conferendo..

584 2084 658 2148 Rex
685 2086 799 2147 autem
830 2080 957 2146 dictum
990 2078 1103 2147 nuncii
1134 2081 1389 2162 commendans,²
1420 2080 1508 2148 illico
1534 2079 1655 2168 jussit·

582 2183 799 2252 cementarios
821 2184 940 2265 vocari,
965 2206 1098 2274 murum
1128 2185 1247 2271 palatii
1270 2184 1489 2252 collateralem
1523 2183 1655 2249 effrac·

582 2293 684 2369 turos,
708 2291 756 2367 ut,
779 2286 866 2353 facto
890 2286 1014 2352 ibidem
1034 2287 1151 2375 patulo
1177 2287 1282 2370 hiatu,
1304 2287 1420 2369 exiret,
1436 2309 1477 2353 ne
1500 2291 1656 2353 tantum·

583 2391 734 2458 deviaret
756 2412 776 2455 a
799 2395 887 2457 recto
910 2388 1038 2472 itinere,
1053 2394 1093 2458 ut
1116 2413 1174 2478 per
1199 2389 1321 2457 ostium
1345 2386 1459 2457 exiret.
1504 2388 1546 2454 In
1570 2410 1656 2475 quo·

583 2494 671 2561 facto
686 2493 729 2559 ab
745 2491 897 2558 omnibus
920 2492 1041 2560 meruit
1056 2493 1278 2561 commendari
1292 2490 1314 2573 3³
1337 2492 1426 2559 dixit
1437 2492 1533 2573 enim,
1549 2493 1637 2579 quod

416 2602 522 2656 seem·
584 2596 696 2664 decuit
717 2600 787 2662 tam
814 2593 1012 2663 festinanter
1037 2596 1187 2663 obsessos
1209 2595 1358 2664 liberare.
1406 2596 1550 2662 Etcum
1575 2593 1638 2661 fes-

416 2671 556 2800 }’ffiffi’
583 2702 696 2768 tinans
729 2720 789 2767 nec
821 2704 989 2767 secuturos
1021 2704 1199 2788 expectans
1230 2698 1273 2765 ad
1303 2720 1393 2765 mara
1427 2699 1637 2788 pervenisset,

1650 2536 1801 2715 lem.

1650 2731 1807 2808 annales

416 2804 567 2858 intem
584 2811 619 2872 et
641 2825 731 2871 mare
750 2804 861 2870 ventis
897 2809 966 2871 tam
991 2803 1166 2870 contrariis
1190 2823 1290 2890 quam
1316 2801 1503 2890 procellosis
1525 2801 1657 2869 turba·

416 2873 565 2937 ‘mmm'
584 2908 692 2989 batur,
708 2927 830 2974 navem
853 2905 929 2973 ilico
955 2906 1112 2974 ascendit.
1159 2905 1224 2973 Oui
1249 2927 1323 2973 cum
1349 2904 1520 2972 nauclerus
1535 2904 1657 2973 dixis

585 3016 643 3092 set,
657 3017 687 3056 ’“
702 3011 779 3093 Gur,
801 3010 973 3077 hominum
999 3009 1224 3089 audacissime,
1246 3031 1306 3075 nec
1327 3008 1471 3076 hostium
1495 3007 1658 3099 impetus.

585 3115 629 3185 sd
658 3133 739 3203 quos
761 3134 925 3203 properas,
955 3135 1016 3179 nec
1050 3113 1150 3180 maris
1180 3113 1334 3180 commoti
1364 3112 1521 3180 formidas
1554 3112 1658 3201 peri·

587 3218 721 3301 culum3
743 3215 897 3307 nunquid
914 3220 952 3283 ta
976 3215 1087 3283 ventis
1114 3220 1149 3283 et
1175 3215 1258 3282 mari
1290 3215 1414 3305 poteris
1429 3213 1660 3306 imperarel''·

588 3323 652 3391 Oui
667 3343 735 3402 rex,
752 3327 769 3357 “
779 3318 814 3385 N
815 3342 859 3387 on
874 3318 1064 3408 frequenter
1077 3319 1232 3386 auditum
1254 3325 1313 3400 est,
1328 3340 1420 3408 reges
1433 3318 1659 3387 Christianos·

586 3426 696 3494 Deum
734 3424 927 3491 invocantes
964 3423 1122 3490 fluctibus
1153 3422 1254 3489 fuisse
1290 3422 1480 3490 submersos.
1525 3422 1660 3510 Aliqui·

586 3530 628 3596 de
659 3526 821 3616 oppressis
851 3532 886 3593 et
910 3525 1049 3594 obsessis
1072 3525 1160 3616 apud
1184 3525 1429 3594 cenomannem
1453 3530 1550 3592 orant
1581 3547 1660 3615 pro·

587 3655 648 3714 ma,
671 3651 753 3719 quos
768 3630 868 3712 Dans,
893 3628 957 3697 etei
983 3651 1051 3697 non
1075 3649 1137 3709 me,
1165 3628 1342 3698 clementer
1367 3628 1551 3697 exaudiet.'’
1595 3628 1661 3701 Et.

587 3736 662 3803 ilico
685 3733 801 3801 sedata
827 3739 1035 3821 tempestate,
1060 3738 1181 3801 ventus
1211 3756 1355 3822 prosper,
1379 3735 1461 3802 velis
1491 3734 1661 3815 sinuatis„

420 3850 555 3907 molanus
586 3841 696 3929 ipsum
710 3860 821 3925 regem
844 3859 919 3905 curn
934 3838 1081 3905 exercitu
1096 3859 1165 3918 suo,
1180 3860 1278 3926 quem
1300 3843 1380 3905 tunc
1401 3844 1535 3927 propter
1549 3863 1661 3908 suam.
1718 3903 1723 3917 ,

420 3919 558 3984 messam

421 3986 538 4041 menad-
589 3942 836 4011 festinationem
858 3940 1023 4008 modicum
1046 3936 1176 4023 habuit,
1199 3938 1334 4029 impulit
1357 3942 1569 4033 indempnem
1599 3942 1671 4013 ad(

423 4120 505 4175 usas.

421 4056 552 4105 moesto
589 4046 783 4114 ulteriorem
805 4050 939 4132 portum
961 4044 1164 4133 adoptatum.
1213 4044 1260 4109 Et
1281 4046 1397 4111 statim
1420 4046 1463 4111 ad
1493 4046 1662 4115 liberati.

590 4169 687 4219 onem
710 4169 843 4214 suorum
865 4147 1066 4236 properans,⁴
1087 4147 1184 4214 venit
1209 4147 1253 4213 ad
1283 4148 1350 4215 tria
1378 4149 1521 4215 miliaria
1542 4173 1661 4240 prope.

591 4253 861 4331 cenomanniam,
884 4250 943 4317 ubi
965 4252 1001 4318 in
1024 4251 1196 4319 obsidione
1218 4257 1316 4318 extra
1338 4251 1453 4323 urbem
1475 4254 1512 4319 in
1527 4257 1663 4323 castris.

590 4362 664 4423 tota
690 4355 807 4422 Gallia
840 4355 1033 4421 consederat
1062 4354 1234 4434 fortitudo,
1258 4356 1312 4422 die
1334 4362 1498 4443 noctuque
1527 4359 1662 4425 urbem.

589 4456 846 4547 infatigabiliter
881 4458 1079 4525 infestando.
1136 4459 1222 4526 Cum
1259 4458 1363 4547 igitur
1395 4460 1547 4547 jussisset
1583 4482 1663 4529 rex.

590 4562 785 4629 Baldewino
815 4559 954 4642 cuidam,
977 4561 1118 4651 principi
1149 4583 1188 4629 ao
1217 4563 1294 4629 duci
1323 4563 1488 4630 exercitus
1517 4566 1578 4645 sui,
1604 4571 1663 4655 ut.

590 4664 799 4733 inimicorum
821 4681 996 4733 numerum
1018 4669 1053 4733 et
1075 4658 1307 4733 fortitudinem
1330 4667 1518 4756 praecedens
1548 4673 1662 4737 caute.

628 4967 765 5035 ¹obsideri]
785 4968 823 5023 At
842 4972 896 5025 first
913 4972 1014 5025 written
1033 4971 1096 5024 obsi·
1139 5015 1142 5021 «
1175 4969 1370 5040 'mmmdarij
1383 4972 1535 5034 sumendas,
1547 4970 1605 5024 MS.

593 5048 656 5099 dere.
1176 5054 1185 5083 ⁴
1194 5052 1345 5120 properans]
1358 5052 1646 5117 Interlinedisdsnm

626 5124 826 5197 ’commodam
839 5131 999 5196 comendans,
1011 5126 1068 5186 MS.
1143 5132 1167 5183 if
1179 5140 1206 5184 tc
1216 5133 1277 5185 read
1283 5130 1472 5199 properandum.
