4442 6392
628 1119 694 1183 448
748 1129 915 1180 uersam
939 1127 1155 1181 Plutslssrtsus
1177 1131 1342 1182 maroam
1365 1131 1564 1184 naumann.

443 1296 526 1355 ab.
542 1306 613 1354 1188.
627 1301 705 1367 diuo,
737 1303 964 1358 sarracenorum
993 1302 1122 1374 prasidi,
1152 1303 1318 1358 Jerusalem
1346 1304 1572 1376 fugerentque
1597 1303 1684 1359 cedat

627 1392 657 1441 et
674 1387 813 1452 recedat,¹
833 1388 965 1460 exemplo
984 1388 1145 1443 Pharaonis
1163 1389 1366 1460 praemunitus.
1405 1389 1548 1458 Quoniam
1559 1390 1707 1448 Terram.

628 1470 765 1526 Sanctam
797 1490 891 1543 nuper
921 1471 1105 1545 profanasti,²
1147 1473 1194 1527 eni
1233 1472 1337 1528 interni
1366 1474 1447 1545 regis
1475 1473 1598 1546 imperio
1629 1473 1683 1528 im·

626 1573 763 1627 paramus
782 1562 812 1611 et
835 1574 1009 1627 praesumus,
1030 1556 1061 1610 in
1079 1557 1151 1611 tanti
1173 1555 1293 1611 sceleris
1320 1563 1585 1630 praesumptuosam
1603 1558 1683 1631 plee-

626 1640 798 1711 tibilemqne
816 1640 969 1695 audaciam
987 1639 1238 1695 animadversione
1257 1640 1423 1703 decernere,
1445 1642 1607 1713 imperialis
1624 1642 1683 1696 eel-

626 1723 743 1779 situdo³
762 1732 792 1780 et
822 1723 908 1779 officii
937 1722 1105 1778 sollicitudo
1134 1741 1186 1778 nos
1217 1723 1361 1781 admonet.
1402 1724 1593 1798 Quapropter,
1622 1726 1682 1781 nisi

626 1813 797 1880 occupatam
822 1813 951 1862 terram⁴
978 1813 1009 1862 et
1034 1806 1132 1862 omnia
1154 1808 1304 1872 restituas,
1325 1809 1464 1880 adjuncta
1483 1810 1681 1865 satisfactione
1696 1812 1868 1878 Rog.Wend

627 1893 802 1963 competenti
822 1893 913 1947 sacris
933 1890 1189 1945 constitutionibus
1216 1909 1269 1964 pro
1292 1901 1352 1947 tam
1371 1894 1492 1949 nefariis
1512 1893 1680 1948 excessibus
1730 1882 1759 1931 ii·
1773 1889 1836 1936 ⁴²⁹·

626 1982 732 2039 taxata,
754 1994 797 2030 vne
825 1976 993 2046 legitimum
1024 1975 1144 2028 minime
1172 1974 1325 2029 videamur
1355 1976 1485 2032 indicere
1513 1977 1633 2041 bellum,
1663 1997 1681 2032 a

626 2061 720 2131 capite
746 2060 937 2114 kalendarum
962 2058 1185 2122 Novembrium,
1215 2061 1333 2115 evoluto
1360 2062 1428 2116 anni
1456 2062 1559 2133 soatio,
1579 2063 1681 2116 termi-

625 2163 695 2199 num
723 2144 929 2198 constituimus
957 2142 994 2196 ad
1023 2141 1229 2212 experiendam
1257 2143 1327 2199 belli
1354 2146 1501 2200 fortunam
1530 2146 1561 2200 in
1578 2164 1681 2218 eampo
1713 2150 1758 2201 sol.
1773 2155 1841 2204 tta.

626 2229 788 2300 Taphneos,
806 2229 836 2282 in
855 2229 965 2282 virtute
984 2227 1116 2281 mirificae
1127 2227 1232 2283 Crucis
1252 2234 1282 2283 ot
1300 2229 1331 2283 in
1349 2230 1465 2284 nomine
1481 2231 1544 2285 reri
1559 2230 1680 2302 Joseplr.

625 2314 683 2368 Vix
712 2314 789 2367 enim
815 2311 935 2366 eredere
960 2329 1116 2383 possumus
1144 2311 1218 2366 hoe⁵
1240 2321 1269 2367 te
1288 2312 1389 2376 latere,
1411 2315 1489 2386 (ruod
1508 2333 1542 2370 ex
1561 2316 1681 2386 seriptis

625 2404 759 2453 veterum
778 2403 808 2452 et
826 2398 857 2452 in
874 2396 1007 2451 historiis
1024 2397 1117 2451 nostri
1136 2397 1277 2467 temporis
1297 2398 1409 2454 suetiam
1425 2399 1547 2454 redolet.
1587 2400 1681 2455 Num·

627 2482 698 2553 quid
717 2483 792 2536 seire
805 2480 984 2542 dissimulas,
1003 2481 1104 2533 ambas
1117 2480 1280 2551 Ethiopias,
1295 2481 1520 2548 Mauritaneam,
1535 2484 1678 2549 Persiam,

627 2565 753 2637 Syriam,
774 2564 1111 2628 Parthiam,⁰.l11doeam,
1134 2564 1297 2618 Samariam
1324 2567 1511 2630 maritimam,
1531 2568 1679 2633 Arabiam,

626 2649 965 2720 Caldaeam,]llgipt11m,
984 2657 1014 2702 et
1022 2648 1202 2709 Armeniam,
1221 2667 1289 2702 eum
1310 2648 1572 2706 innumerabilibus
1591 2653 1679 2707 terris

625 2741 733 2788 nost-rue
764 2733 868 2788 ditioni
899 2732 1049 2804 subjectis,
1082 2732 1166 2786 nobis
1202 2732 1294 2788 fuisse
1329 2739 1463 2804 potenter
1493 2735 1701 2807 adquisierat.

624 2817 742 2872 Norunt
761 2818 824 2872 haec
851 2834 948 2888 reges,
976 2815 1121 2886 quorum⁸
1148 2833 1252 2871 eruore
1274 2816 1367 2885 gladii
1389 2817 1511 2873 Romani
1531 2826 1600 2874 silut
1617 2839 1679 2875 ere-

625 2902 707 2956 brius
726 2901 874 2955 debriati.⁸
917 2901 956 2956 Et
982 2906 1016 2955 tn
1042 2899 1171 2970 quidem,
1192 2905 1311 2955 auctore
1337 2898 1410 2965 Dec,
1432 2902 1581 2974 intelliges
1607 2906 1679 2974 quid

624 2992 731 3039 nostrae
752 2985 890 3040 victrices
912 2984 1028 3054 aquilae,
1053 2983 1124 3053 quid
1150 2983 1284 3038 cohortes
1310 2982 1491 3039 diversarum
1516 2989 1677 3051 nationum,

624 3068 697 3141 quid
714 3069 796 3123 furor
815 3069 1012 3123 Theutonieus
1031 3074 1061 3122 et
1070 3066 1090 3099 ¹⁰
1107 3067 1139 3122 in
1157 3084 1228 3137 pace
1247 3085 1329 3122 arma
1346 3085 1483 3136 mosens;
1503 3071 1574 3142 quid
1592 3082 1680 3142 capnt

624 3153 797 3217 indomitum
830 3152 934 3216 Hreni,
967 3152 1051 3224 enjus
1078 3151 1220 3223 juventus
1230 3155 1246 3186 '¹
1278 3169 1428 3223 nunquam
1460 3155 1561 3224 lugam
1587 3157 1679 3217 novit.

624 3236 695 3307 quid
708 3254 846 3307 procerus
865 3237 1008 3300 Bararus,
1029 3235 1100 3307 quid
1120 3234 1234 3290 Suesus
1256 3241 1381 3299 astutus,
1402 3237 1473 3308 qnid
1492 3239 1682 3294 Franeonia¹²

624 3319 869 3392 circumspecta,¹³
888 3319 959 3391 quid
979 3321 1009 3374 in
1027 3319 1127 3390 gladio
1145 3318 1250 3373 ludens
1270 3319 1404 3385 Saxonis,
1426 3321 1499 3392 qnid
1516 3323 1680 3395 Thuringia

623 3405 832 3477 imperterrita,
854 3404 926 3476 quid
947 3404 1052 3458 ardens
1076 3403 1114 3458 ad
1138 3421 1220 3458 arma
1244 3403 1443 3469 Westlallia‚¹⁴
1474 3406 1546 3477 quid
1575 3407 1701 3478 vigile.

624 3489 808 3554 Braibanoia,
829 3488 901 3559 quid
919 3489 1018 3543 nescia
1036 3487 1116 3558 pacis
1133 3486 1334 3558 Lothoringia,
1355 3488 1427 3559 quid
1445 3488 1600 3560 impatiens
1619 3508 1680 3545 ser·

624 3575 728 3629 vitatis
747 3573 878 3636 Austria,
901 3571 973 3642 quid
992 3571 1127 3641 inquieta
1152 3570 1359 3642 Bnrguudia,¹‘
1376 3571 1448 3642 qnid
1468 3572 1590 3644 vulpina
1608 3574 1698 3628 Pro·

627 3698 874 3708 ..-———-.....—-—
879 3696 1141 3703 .-—---.——
1148 3694 1309 3702 -—--
1473 3696 1622 3706 ——w

658 3749 664 3779 ¹
679 3758 749 3811 utque
770 3746 840 3796 redut
861 3755 884 3795 et
901 3745 1012 3810 recedat]
1033 3745 1128 3795 Added
1149 3764 1151 3789 ι
1173 3745 1206 3794 D.
1215 3745 1253 3805 F,
1264 3746 1316 3795 aad
1327 3744 1370 3795 the
1380 3747 1449 3795 word
1457 3747 1477 3795 is
1487 3747 1631 3797 authorised
1644 3750 1678 3813 by

624 3827 651 3877 in
668 3841 756 3891 marg,
774 3828 824 3876 und
836 3825 857 3875 is
869 3827 894 3874 in
908 3825 1003 3874 textos
1016 3826 1045 3874 F.
1069 3825 1127 3875 (lui.
1149 3794 1152 3911 y
1173 3838 1258 3886 usage,
1275 3825 1321 3873 but
1339 3823 1366 3872 iu
1385 3825 1449 3875 Edd.
1462 3826 1511 3874 and
1530 3827 1569 3876 ed.
1584 3827 1676 3877 Wend.

624 3906 781 3957 W.A.C.ll.
1149 3940 1151 3954 ,
1172 3901 1384 3962 tartarearum
1409 3903 1472 3954 Ben.
1493 3904 1677 3970 Abb.,Cogg.‚

655 3984 831 4051 ²prosonuati]
852 3983 1022 4048 prophanasti,
1037 3983 1092 4033 MS.
1148 4000 1151 4023 ι
1173 3981 1242 4041 Vim,
1254 3983 1304 4031 and
1317 3982 1375 4033 MS.
1387 3983 1451 4048 lteg.

655 4063 801 4128 'rebitudo]
822 4063 862 4113 On
875 4078 906 4112 au
919 4077 1027 4112 erasure.
1148 4028 1151 4119 l
1205 4060 1267 4125 '‘et]
1287 4060 1368 4120 etiam,
1387 4061 1429 4112 W.
1446 4062 1480 4111 A.
1502 4062 1531 4112 C.
1549 4062 1590 4122 Ι).,
1613 4063 1677 4114 Ben.

658 4142 781 4207 mnam]
802 4142 833 4191 In
846 4143 908 4192 aa.
921 4143 989 4192 aas.
1007 4141 1057 4190 aaa
1069 4140 1126 4191 aas,
1148 4122 1151 4196 l
1171 4136 1249 4198 aab,
1262 4141 1313 4189 aaa
1325 4140 1381 4191 ns.
1394 4141 1459 4206 aeg.

623 4225 686 4288 Reg.
705 4223 727 4271 is
746 4223 835 4281 added,
855 4221 985 4278 “Judaea,
1006 4219 1126 4270 Samariae
1148 4210 1150 4235 ³
1205 4218 1221 4249 ¹¹
1234 4219 1305 4284 cnjus
1319 4220 1450 4287 jau-entus]
1478 4222 1539 4286 quid
1555 4221 1678 4285 juventus

624 4313 649 4354 et
660 4301 879 4359 Palestiuon1m‚”
899 4301 949 4350 end
962 4301 1001 4348 sur
1013 4307 1035 4348 rt
1046 4301 1126 4348 omniu
1148 4295 1150 4363 l
1171 4295 1263 4358 Histri,
1276 4313 1341 4362 quae,
1353 4300 1377 4348 V
1381 4300 1415 4349 in.

623 4383 684 4447 they
696 4383 755 4430 read
767 4388 823 4428 autc
837 4380 924 4428 carrio.
1147 4366 1150 4427 i
1207 4376 1223 4405 '²
1236 4375 1392 4443 Franeom'o]
1405 4378 1522 4437 Francia,
1535 4380 1598 4429 Beu.
1609 4380 1676 4430 Abb.

657 4460 735 4525 ⁵lroc]
754 4459 817 4517 hae,
827 4458 869 4509 W.
881 4459 913 4508 l).
1148 4462 1150 4503 t
1203 4455 1421 4522 11οἱνωυιιερισεα]
1444 4457 1513 4507 llere
1530 4456 1550 4506 is
1567 4461 1676 4508 inserted

656 4537 821 4603 ‘Purtlium]
841 4538 885 4586 An
904 4536 1042 4587 additional
1055 4551 1126 4599 para·
1147 4549 1149 4601 t
1170 4533 1197 4581 ln
1209 4533 1271 4584 Ben.
1284 4535 1351 4585 Abb.
1363 4537 1413 4585 aud
1430 4536 1486 4586 MS.
1499 4537 1572 4602 Reg,
1584 4542 1599 4564 “
1610 4537 1671 4600 quid

623 4620 703 4686 graph
715 4619 737 4667 ia
748 4619 808 4667 here
820 4616 927 4667 inserted
939 4616 966 4664 in
974 4615 1037 4665 Ben,
1048 4616 1125 4674 Abu,
1147 4606 1150 4665 i
1170 4612 1275 4676 Augila,
1292 4615 1397 4677 provida
1415 4622 1440 4664 et
1459 4615 1602 4679 ingeniosa,
1613 4617 1675 4680 quid

624 4700 694 4758 Vin,
711 4699 762 4747 and
785 4697 841 4746 lis,
865 4698 936 4760 Bag..
948 4696 997 4744 and
1020 4694 1126 4745 another
1147 4709 1149 4763 j
1170 4689 1290 4750 Albania,
1303 4692 1364 4756 quid
1378 4694 1524 4744 Cambria'’

622 4779 687 4829 aster
698 4777 835 4841 AEsp'ptum.
1147 4800 1149 4825 ;
1203 4770 1222 4801 ¹⁸
1242 4768 1395 4838 Weslfildlta]
1417 4773 1596 4834 lb'ettsfllclllfl,
1609 4774 1674 4831 MS..

656 4856 745 4904 'nobis
757 4892 840 4905 .....
854 4852 1006 4917 adquisitas]
1032 4852 1124 4903 Added
1147 4856 1149 4919 ξ
1171 4850 1220 4898 und
1234 4866 1262 4900 so
1275 4853 1308 4900 A.
1322 4851 1350 4902 C.
1364 4853 1397 4902 1).
1409 4854 1440 4904 F.

623 4936 649 4985 in
662 4950 750 4998 marg,
762 4935 812 4983 und
825 4934 851 4982 in
865 4940 920 4982 text
932 4932 962 4981 of
970 4932 997 4982 F.
1146 4953 1149 5005 !
1205 4933 1223 4962 ¹³
1236 4929 1305 4996 riqil]
1325 4931 1409 4994 agilis,
1422 4932 1464 4982 W.
1474 4932 1508 4982 A.
1519 4933 1598 4994 Gn,
1609 4934 1672 4983 Beu.

655 5013 789 5078 'quorunq
810 5012 851 5063 On
863 5028 896 5062 an
908 5026 1015 5061 erasure.
1043 5010 1073 5061 ln
1083 5010 1123 5060 W.
1146 5013 1148 5024 '
1169 5011 1247 5064 Abb..
1259 5012 1308 5060 and
1321 5010 1378 5061 MS.
1390 5012 1453 5077 Reg.

623 5093 658 5144 A.
671 5094 699 5144 C.
712 5093 745 5142 1).
758 5093 808 5156 qui.
1146 5114 1148 5123 >
1203 5089 1221 5118 ¹⁴
1239 5088 1402 5155 Baryuudo'a]
1438 5090 1586 5154 Burgunda,
1614 5091 1671 5141 MS.

654 5169 793 5236 aaran]
811 5169 845 5221 so
862 5168 916 5219 uso
931 5168 990 5218 aaa
1003 5166 1124 5218 wne.
1145 5141 1148 5213 l
1168 5167 1258 5220 aas.
