4442 6392
664 1145 727 1208 146
788 1158 952 1209 ueneni
976 1157 1191 1211 ssmsrnsers
1214 1157 1378 1209 arenosus
1400 1157 1599 1209 ssenonuu

664 1413 714 1483 Dc
735 1414 898 1481 occisione
923 1415 1110 1483 Taucoeauu
1144 1422 1174 1483 et
1204 1414 1490 1501 mundificationis
1510 1413 1712 1484 Jerusalem.

497 1576 651 1631 annosa
710 1561 817 1648 Capta
838 1561 943 1649 igitur
964 1562 1102 1629 civitate
1125 1562 1336 1640 sanctissima,
1364 1561 1434 1628 dux
1456 1562 1655 1628 Godefridus
1678 1568 1712 1626 et
1725 1572 1884 1652 Ropwend.

497 1670 629 1721 irascere
663 1663 776 1728 fideles
798 1686 919 1742 omnes,
941 1666 998 1751 qni
1021 1686 1095 1730 cum
1127 1687 1166 1730 eo
1200 1671 1304 1746 erant,
1338 1686 1396 1751 per
1430 1664 1556 1751 plateas
1589 1665 1713 1730 strictis
1758 1654 1786 1689 ¹¹·
1800 1646 1855 1692 ¹⁴¹·

497 1737 590 1856 ffi}
663 1765 782 1852 gladiis
805 1766 1030 1848 discurrentes,
1062 1773 1227 1854 quotquot
1259 1769 1299 1834 de
1330 1767 1479 1833 hostibus
1512 1772 1713 1854 repererunt,

662 1869 698 1933 in
722 1890 776 1934 ore
798 1870 902 1956 gladii
923 1870 1153 1937 indifferenter
1176 1870 1393 1936 trucidarunt
1451 1870 1561 1935 Tanta
1583 1892 1713 1957 quoque

662 1971 936 2058 interemptorum
974 1977 1099 2059 strages
1138 1979 1218 2051 erat,
1255 1978 1291 2038 et
1328 1973 1538 2060 praecisorum
1579 1995 1714 2038 acervus

663 2074 819 2161 capitum,
843 2082 882 2141 ut
899 2076 971 2161 jam
993 2076 1119 2142 nemini
1141 2077 1198 2141 via
1219 2080 1349 2162 pateret
1371 2080 1430 2142 aut
1456 2077 1624 2154 transitus,
1648 2076 1712 2141 nisi

662 2178 698 2243 in
721 2179 920 2264 sanguinum
954 2179 1072 2244 rivulis
1103 2184 1138 2244 et
1169 2201 1267 2266 super
1297 2201 1431 2265 corpora
1460 2184 1711 2266 peremptorum.

530 2278 532 2283 ’
663 2279 830 2346 Latebant
854 2286 967 2347 autem
994 2281 1101 2347 adhuc
1132 2282 1202 2347 haec
1236 2283 1347 2347 omnia
1378 2283 1532 2347 comitem
1555 2282 1710 2347 Tholosa·
1724 2287 1882 2368 Ropwend.

662 2405 743 2448 num
766 2389 801 2449 et
822 2384 985 2471 prinsipes
1008 2385 1097 2465 alios,
1114 2384 1172 2471 qui
1194 2385 1279 2450 circa
1301 2390 1449 2450 montem
1465 2384 1557 2470 Syon
1572 2385 1714 2451 viriliter
1758 2370 1786 2405 ¹¹¹
1800 2362 1855 2406 ¹⁴²¹

496 2496 640 2550 Thecount
663 2487 898 2568 decertabant3
927 2488 993 2564 sed,
1016 2487 1132 2554 audito
1153 2494 1341 2553 nostrorum
1374 2492 1409 2552 et
1439 2489 1618 2553 Turcorum
1649 2488 1714 2553 ola-

496 2564 626 2682 efron-d
662 2610 751 2655 more
773 2595 808 2656 et
830 2590 952 2655 civium
984 2596 1101 2677 strage,
1136 2588 1379 2676 cognoverunt¹
1413 2591 1529 2654 urbem
1551 2590 1715 2657 violenter

494 2631 640 2750 liisiellof
661 2692 829 2758 effractam
853 2698 888 2758 et
909 2698 1097 2759 nostrarum
1112 2693 1287 2758 victoriam
1303 2692 1476 2780 legionum.
1510 2692 1576 2773 Qui
1598 2695 1712 2758 statim

494 2763 622 2884 ἓξὲξ
662 2796 763 2860 scalas
797 2796 841 2860 ad
872 2818 1003 2861 murum
1027 2795 1238 2883 applicantes,
1260 2796 1393 2861 nemine
1426 2795 1589 2876 obstante,
1621 2796 1713 2862 urbis

494 2897 555 2963 city.
662 2897 785 2963 moenia
805 2899 1017 2975 transierunt,
1042 2904 1186 2985 stragem
1207 2919 1275 2965 non
1297 2898 1459 2963 modicam
1481 2898 1518 2963 in
1539 2899 1598 2963 illa
1618 2905 1714 2986 parte

662 3005 842 3087 operantes.
897 3000 1032 3066 Portam
1064 3000 1179 3086 itaque
1213 3000 1399 3078 australem,
1434 3023 1509 3087 quae
1542 3001 1609 3066 illis
1640 3009 1713 3069 erat

661 3103 873 3181 contermina,
908 3103 1093 3189 aperientes
1123 3124 1198 3167 cum
1232 3104 1368 3189 impetu,
1399 3103 1559 3190 populum
1582 3103 1714 3171 univer·

661 3227 734 3272 sum
757 3205 951 3292 quantocius
972 3206 1198 3272 introducunt.
1244 3205 1385 3271 Factum
1408 3210 1601 3284 astantem,
1626 3209 1713 3294 quod

661 3306 766 3386 Tusci,
790 3309 847 3394 qui
876 3330 898 3373 a
927 3309 1009 3375 duce
1043 3315 1077 3374 et
1108 3309 1177 3373 suis
1208 3308 1396 3396 agminibus
1427 3297 1648 3396 aufugerant,⁸
1669 3311 1713 3377 ad

660 3416 772 3498 partes
809 3411 884 3477 illae
918 3411 1128 3490 declinantes,
1163 3410 1224 3477 hos
1257 3410 1389 3476 obviam
1423 3410 1620 3492 habuerunt,
1655 3414 1713 3500 qui

660 3512 795 3579 Scillam
818 3515 985 3581 evitantes
1011 3515 1201 3580 inciderunt
1222 3514 1259 3578 in
1287 3513 1465 3579 caribdim.
1512 3515 1620 3581 Tanta
1649 3516 1711 3603 igi·

660 3621 718 3682 tur
739 3618 859 3684 exinde
881 3639 940 3705 per
962 3618 1078 3683 urbem
1099 3623 1225 3702 strages
1247 3615 1335 3681 facta
1358 3621 1416 3695 est,
1441 3621 1481 3681 nt
1503 3618 1604 3682 etiam
1630 3618 1712 3704 ipsis

659 3719 841 3786 victoribus
870 3725 941 3785 tem
970 3720 1134 3786 horrenda
1156 3718 1290 3806 sanguis
1312 3718 1428 3784 effusio
1459 3720 1599 3786 taedium
1621 3721 1713 3807 inge-

493 3821 746 3900 ‚Thetemplereret
777 3827 813 3889 et
849 3823 1024 3888 horrorem.
1070 3822 1220 3889 Audiens
1250 3827 1364 3888 autem
1395 3821 1591 3904 Tancredus,
1623 3823 1712 3909 quod

492 3890 618 4009 25⁰2?
658 3924 746 3990 infra
768 3930 863 4011 septa
884 3924 1002 4012 templi
1025 3925 1207 3991 'lineorum
1240 3947 1275 3990 se
1308 3925 1489 3991 incluserat
1520 3924 1709 4004 multitudo,

493 4023 601 4106 ΤΡῐῙξθ,
660 4028 802 4093 contulit
824 4050 858 4093 se
880 4028 958 4093 illuc
980 4028 1108 4115 ingenti
1132 4051 1206 4093 eum
1237 4033 1440 4093 armatorum
1471 4027 1710 4109 multitudine3

492 4091 614 4224 ffirgrppt
659 4135 694 4196 et
715 4131 876 4219 templum
899 4131 1063 4196 violenter
1085 4131 1260 4218 ingressus,
1293 4135 1369 4217 poet
1391 4141 1535 4217 stragem
1560 4131 1710 4209 multam,

492 4228 569 4277 tered.
658 4234 807 4300 infinitas
841 4235 914 4299 auri
938 4239 972 4299 et
995 4235 1125 4320 argenti
1147 4234 1257 4320 copias
1279 4232 1357 4300 inde
1380 4255 1489 4299 secum
1511 4233 1635 4299 dicitur
1659 4257 1710 4298 as-

658 4342 813 4423 portasse.
860 4336 934 4401 Hoc
957 4341 1070 4401 autem
1100 4336 1219 4422 reliqui
1249 4336 1373 4402 milites
1396 4337 1577 4414 audientes,
1607 4338 1710 4402 intro·

657 4439 758 4504 missa
780 4439 928 4526 equitum
953 4445 988 4504 et
1010 4439 1162 4526 peditum
1191 4439 1418 4520 multitudine,
1453 4441 1639 4526 quotquot³
1662 4440 1710 4505 ibi

658 4539 875 4630 repererunt⁴
897 4541 1015 4629 gladiis
1038 4542 1252 4622 trucidantes,
1276 4542 1431 4608 universa
1462 4543 1623 4629 sanguine
1658 4565 1708 4607 re·

657 4646 841 4731 pleverunt,
863 4650 911 4726 ut,
930 4646 1025 4733 justo
1040 4646 1104 4710 Dei
1121 4644 1257 4733 judicio,
1282 4667 1395 4712 eorum
1410 4645 1468 4732 qui
1482 4645 1591 4711 locum
1613 4645 1728 4716 illurn.

657 4834 912 4842 ——--——--—.
921 4831 969 4842 -ι,
980 4837 984 4841 .
992 4836 1293 4843 ς-ψη--ψ--ῃ

691 4948 881 5014 ¹ooyaoeeruar]
894 4958 1091 5015 congnoverunt,
1099 4949 1157 5003 MS
1237 4950 1383 5017 ’ᾳιιοιᾳιιοῌ
1420 4959 1488 5017 quot,
1517 4951 1573 5004 MS.
1602 4952 1652 5003 and
1676 4950 1706 5000 F.

688 5029 872 5094 2ιιιιχιιρενοιηε]
909 5029 1021 5084 wattun
1041 5032 1160 5096 asseram
1202 5029 1276 5082 Gerr.
1289 5032 1354 5080 from
1365 5030 1494 5084 ΨΜ.
1506 5031 1541 5084 D.

655 5107 682 5156 in
693 5107 736 5157 the
747 5114 810 5168 text,
821 5109 868 5158 but
878 5123 942 5159 corr.
960 5109 1078 5174 inmarg.
1239 5111 1413 5177 ‘separaum
1432 5116 1604 5175 reppererunt,
1615 5110 1673 5167 MS.
