4442 6392
630 1153 677 1204 nn
699 1155 859 1204 rnurosr.
881 1153 983 1204 nnsis
1006 1153 1163 1217 summor,
1186 1152 1252 1203 vrz.
1275 1152 1435 1203 sncuunr.
1494 1138 1558 1202 425

481 1377 495 1393 .
509 1329 543 1390 et
566 1325 601 1388 in
624 1324 768 1390 consiliis
784 1324 871 1411 juris
894 1325 1103 1392 ecelesiastici
1119 1329 1154 1390 et
1169 1323 1291 1391 civilis¹
1316 1325 1452 1411 peritus,
1468 1329 1503 1389 et
1526 1322 1561 1386 in
1574 1340 1643 1391 Al).
1659 1344 1730 1390 uss.

489 1428 681 1492 literatura
712 1428 887 1514 multiplici
915 1429 1082 1515 eleganter
1104 1427 1263 1506 eruditus,
1288 1427 1423 1514 eligitur
1445 1428 1481 1491 in
1503 1425 1561 1489 ab·
1575 1440 1684 1490 Warren

489 1530 627 1596 batem.
685 1530 782 1611 Quod
816 1553 890 1595 cum
929 1532 998 1617 regi
1035 1532 1245 1608 innotuisset,
1279 1531 1387 1616 ipsum
1422 1531 1563 1595 electum
1575 1507 1673 1624 [effic

489 1637 680 1719 gratanter
702 1634 896 1720 acceptavit,
920 1634 1117 1719 promittens
1143 1655 1239 1698 suum
1263 1632 1482 1720 patrocinium
1506 1631 1562 1696 do·

489 1735 579 1800 .mui
603 1735 718 1801 Sancti
740 1734 863 1801 Albani
886 1735 949 1801 sub
973 1736 1032 1800 tali
1056 1740 1185 1822 pastore
1208 1757 1275 1801 non
1298 1736 1416 1801 deesse.

717 2015 765 2081 De
787 2024 891 2082 morlo
914 2016 1071 2094 Hearioi,
1093 2017 1183 2104 rogis
1200 2016 1364 2104 justioris.

339 2189 497 2256 nogwend.
556 2167 650 2231 Circa
673 2165 742 2231 dies
758 2187 889 2252 quoquc
912 2167 984 2232 illos
1007 2189 1065 2232 rex
1082 2166 1249 2232 Honrious
1272 2166 1467 2253 diligentem
1490 2187 1564 2252 ope-
1578 2190 1666 2254 nenry

374 2259 401 2309 ὓ·
415 2264 471 2310 ⁴¹⁰·
509 2290 580 2332 ram
605 2268 777 2354 impendit,
802 2273 842 2332 ut
865 2268 926 2332 filii
951 2269 1029 2354 ejuS,
1055 2269 1235 2335 (laufridus
1267 2270 1308 2334 de
1333 2268 1510 2334 Britannia
1531 2271 1651 2374 etffi⁸
1662 2257 1703 2306 ¹¹5⁵

511 2369 671 2435 Ricardus
694 2369 734 2434 de
758 2369 880 2434 ducatu
897 2371 1099 2456 Aquitaniae,
1122 2371 1312 2458 homagium
1335 2372 1481 2436 lacerent
1496 2369 1565 2435 filio
1578 2390 1697 2456 Geoffrey

509 2494 567 2538 suo
602 2472 831 2558 primogenito,
863 2472 932 2558 regi
961 2472 1115 2538 Henrico.
1178 2472 1275 2553 Quod
1306 2473 1439 2559 quidem
1470 2458 1694 2575 prate1·{ss}rffit·0

510 2575 614 2660 petiit,
644 2572 824 2639 (laufridus
847 2573 888 2638 de
914 2575 1073 2640 comitatu
1101 2574 1285 2641 Britanniae
1310 2579 1483 2662 gratanter
1507 2596 1565 2638 an·
1579 2592 1611 2641 do
1619 2591 1726 2657 homage

510 2677 585 2741 nuit
607 2682 642 2742 et
665 2676 850 2764 complevit.
898 2676 1058 2742 Ricardus
1073 2698 1160 2753 vero,
1176 2699 1251 2743 cum
1272 2682 1407 2764 rogatus
1430 2700 1451 2741 a
1472 2658 1666 2789 patraffifg

510 2778 654 2866 idipsum
679 2779 782 2845 facere
814 2779 988 2856 debuisset,
1016 2780 1066 2844 ira
1096 2779 1271 2844 incanduit
1295 2779 1492 2856 vehementi,
1516 2780 1649 2856 in-king.

510 2905 689 2969 congruum
718 2904 786 2948 esse
811 2881 930 2957 diceus,
956 2903 1030 2946 cum
1062 2904 1104 2946 ex
1130 2882 1244 2948 eodem
1275 2887 1370 2969 patre
1396 2888 1430 2948 et
1460 2881 1690 3000 matregiffid

510 2985 667 3051 ducerent-
700 2986 868 3074 originem,
903 2986 940 3064 si,
974 2990 1068 3073 patro
1092 2986 1237 3062 vivente,
1271 2985 1407 3051 fratrem
1444 2985 1566 3072 primo·
1673 2986 1679 2998 '

510 3089 659 3175 genitum
690 3089 802 3176 aliqua
832 3087 1044 3176 subjectionis
1074 3086 1205 3154 formast
1232 3092 1444 3176 agnoscerent
1470 3109 1567 3175 supe·

511 3191 649 3271 riorem3
685 3191 751 3270 sed,
787 3190 874 3256 siout
905 3192 1001 3257 fratri
1036 3191 1256 3278 primogenito
1285 3191 1374 3257 bona
1403 3191 1567 3257 debentur

511 3298 658 3379 paterna,
689 3294 735 3358 sic
765 3298 800 3358 et
829 3294 866 3358 in
894 3293 990 3359 bonis
1030 3293 1190 3359 maternis
1220 3293 1456 3359 successionem
1487 3292 1567 3377 legi·

343 3416 500 3495 Rogwenn
513 3395 629 3460 timum
669 3395 872 3460 vendicabat.
934 3395 1017 3460 Haec
1051 3402 1164 3460 autem
1200 3395 1339 3459 audiens
1369 3416 1429 3459 rex
1463 3397 1566 3479 pater,

375 3485 402 3534 ir.
415 3487 472 3534 ⁴¹¹·
513 3496 691 3562 iracundias
727 3496 833 3562 calore
864 3517 1045 3574 succensus,
1081 3497 1239 3562 adversus
1273 3495 1450 3560 Ricardum
1485 3493 1568 3558 durs

513 3598 690 3685 proposuit,
726 3605 768 3675 ct,
808 3603 848 3663 ut
885 3620 944 3663 rex
972 3598 1087 3685 junior
1123 3597 1166 3663 ad
1201 3597 1417 3664 edomandam
1455 3595 1568 3660 fratris

512 3700 698 3787 superbiam
730 3705 821 3766 totus
852 3702 1041 3788 insurgeret,
1069 3706 1260 3767 constanter
1283 3700 1413 3766 indixit.
1460 3698 1568 3763 Habi·
1580 3734 1636 3786 The
1647 3751 1734 3801 young

512 3804 556 3868 tis
580 3804 685 3889 igitur
707 3805 795 3869 iuter
819 3826 853 3868 se
877 3803 1045 3889 colloquiis
1070 3803 1265 3890 frequenter,
1281 3825 1355 3868 cum
1382 3824 1456 3890 spes
1475 3801 1728 3868 nffllakingnises

512 3905 553 3970 de
587 3928 665 3992 pace
699 3906 886 3986 haberetur,
918 3928 976 3972 rex
1012 3905 1201 3993 [juvenis]³
1228 3905 1373 3992 undique
1400 3906 1566 3992 copiosum
1579 3869 1679 3999 iffi,

512 4009 727 4094 congregarit
750 4008 939 4074 exercitum.
988 4008 1033 4074 Et
1059 4008 1140 4074 dum
1171 4008 1326 4095 congredi
1358 4030 1431 4073 cum
1464 4001 1698 4118 fratrefflffiffffls

513 4132 572 4176 suo
595 4110 801 4188 decrevisset,
825 4112 960 4197 praecisa
981 4117 1039 4188 est,
1064 4111 1201 4178 veluto
1225 4117 1371 4189 texente,
1394 4111 1467 4176 vita
1488 4111 1567 4197 ejus,
1580 4083 1711 4198 siddiily.

514 4236 587 4299 quae
611 4235 702 4299 spem
725 4213 905 4279 multorum
930 4215 1083 4280 deficiens
1116 4214 1273 4302 praecidit.
1331 4213 1501 4300 Siquidem
1531 4212 1567 4277 in
1599 4207 1627 4252 ¹¹
1640 4201 1718 4253 Μ·

513 4316 593 4410 flore
610 4316 810 4401 juventutis,
827 4338 901 4382 oum
924 4338 1049 4382 annum
1072 4317 1184 4383 aetatis
1199 4317 1390 4383 vicesimum
1415 4323 1567 4382 octavum

514 4419 750 4505 complevisset,
774 4417 886 4485 intra⁴
912 4420 1140 4499 Guasooniam,
1173 4421 1209 4485 in
1240 4419 1298 4486 illo
1330 4424 1440 4486 tractu
1470 4424 1568 4485 terrae

435 4546 440 4555 ·
515 4545 589 4609 quae
623 4522 794 4587 Turoinna
827 4523 957 4602 dicitur,
992 4523 1081 4611 apud
1115 4523 1285 4589 castellum
1320 4522 1498 4609 [Martel],³
1530 4521 1567 4587 in

515 4626 597 4690 sesto
621 4625 725 4690 sancti
750 4625 911 4692 Barnabae
933 4625 1083 4712 apostoli,
1105 4646 1166 4690 rex
1187 4626 1300 4711 junior
1322 4624 1363 4690 de
1386 4623 1494 4690 medio
1518 4630 1568 4689 est

740 4775 757 4780 -
778 4775 870 4781 ,-,..-.
895 4773 1358 4782 --ω--ψ-η--..--.-----
1373 4768 1571 4782 ------·---⁴

551 4871 595 4919 ’iu
608 4907 632 4921 ..
645 4907 670 4921 ..
687 4868 780 4936 civilis]
796 4871 881 4920 Onon
894 4884 1001 4920 erasure.
1100 4869 1201 4934 ΗΜ]
1221 4869 1293 4928 inter,
1305 4868 1363 4920 MS.

550 4953 559 4980 ²
569 4950 669 5014 forma]
690 4950 784 4999 Added
801 4949 827 4999 in
840 4963 918 5014 marg.
1099 4946 1229 5014 ‘Marlefl
1250 4949 1372 5015 supplied
1389 4951 1455 5000 from
1476 4949 1518 4999 W.
1532 4949 1566 4999 rt

550 5032 558 5058 ³
564 5029 679 5094 juvenis]
708 5028 911 5108 Supplied'from
930 5027 972 5078 W.
986 5027 1019 5077 A.
1067 5028 1143 5081 c.1).

518 5108 548 5162 C.
560 5108 594 5159 1).
