4442 6392
663 1123 728 1185 248
793 1132 960 1184 usrrnm
983 1132 1196 1184 aaarsmusm
1218 1129 1386 1181 maroam
1409 1128 1608 1179 munorum

495 1322 565 1375 Δ.1).
579 1324 651 1373 11³4.
665 1308 815 1397 precibus
831 1305 970 1374 assiduis
992 1306 1182 1373 incubuisse
1203 1309 1382 1388 teneretur,
1403 1308 1521 1392 utpote
1544 1302 1603 1370 diu
1617 1299 1735 1367 afflic-.

666 1416 722 1477 tus
737 1415 772 1477 et
788 1411 860 1498 jam
882 1433 992 1476 senem
1040 1409 1194 1497 Contigit
1216 1410 1322 1498 igitur
1344 1431 1412 1474 una
1434 1408 1561 1490 dierum
1584 1405 1736 1472 festivo.

666 1536 748 1593 rum,
773 1535 847 1580 oum
869 1535 930 1579 rex
959 1534 1081 1578 novam
1107 1518 1244 1593 vestem,
1275 1534 1376 1599 quam
1398 1510 1583 1598 vulgariter
1604 1509 1736 1573 robam.

665 1616 877 1704 appellamus,
894 1616 934 1681 de
957 1616 1094 1682 scarleto
1117 1638 1259 1694 sumens,
1275 1619 1425 1682 assuetus
1447 1614 1489 1679 de
1503 1613 1618 1679 eodem
1634 1633 1736 1676 sem.

665 1741 725 1807 per
738 1741 850 1806 panno
864 1719 979 1784 robam
995 1718 1090 1784 fratri
1106 1739 1166 1784 suo
1182 1717 1329 1784 Roberto
1352 1716 1588 1795 transmittere,
1603 1735 1736 1802 capam.

665 1821 848 1887 oonabatur
874 1821 1019 1903 induere,
1043 1822 1101 1886 sed
1123 1820 1255 1886 invenit
1277 1821 1452 1886 introitum
1479 1816 1614 1905 capucii,
1630 1816 1736 1903 quod.

664 1923 823 2009 putaram
842 1923 967 1989 Galliae
989 1923 1184 2011 appellatur,
1207 1922 1306 1989 nimis
1331 1929 1483 2003 amtum3
1505 1921 1593 1986 unde
1615 1919 1736 1985 conti.

665 2026 724 2113 git,
741 2026 831 2112 quod
852 2049 953 2091 unam
976 2031 1100 2094 suturae
1123 2032 1322 2114 puncturam
1344 2030 1478 2091 tantum
1501 2023 1738 2107 confringens„

667 2151 740 2194 eam
766 2128 929 2215 deposuit,
961 2134 996 2194 et
1026 2128 1124 2207 dixit,
1151 2128 1266 2195 “Haeo
1298 2151 1379 2216 capa
1410 2128 1578 2193 deferatur
1609 2124 1737 2190 danda.

667 2230 763 2295 fratri
790 2252 863 2296 meo
887 2230 1076 2318 R[obert0]‚
1099 2233 1158 2316 qui
1193 2230 1346 2320 argutius
1377 2253 1430 2296 me
1461 2233 1562 2317 eaput
1592 2225 1737 2292 habet''.

669 2332 752 2411 Quae
774 2353 850 2397 cum
875 2331 941 2419 ipsi
968 2332 1079 2399 delata
1112 2331 1231 2398 fuisset
1261 2333 1439 2411 induenda,
1471 2331 1603 2398 invenit
1624 2329 1737 2394 illam.

661 2433 735 2519 jam
756 2434 879 2500 dietam
901 2439 1108 2521 punaturam,
1126 2458 1200 2523 quaa
1222 2457 1280 2523 per
1294 2436 1457 2502 incuriam
1473 2432 1623 2512 caesoris)
1641 2430 1738 2518 quia.

667 2536 814 2613 minima,
837 2537 1090 2623 relinquebatur
1104 2560 1173 2604 non
1196 2544 1316 2615 resuta,
1339 2539 1389 2603 ait
1412 2538 1490 2615 dur,
1507 2536 1635 2603 “Unde
1650 2534 1739 2600 baea.

666 2661 767 2726 quam
790 2639 897 2705 sentio
920 2639 1115 2706 fracturat'’
1162 2641 1209 2705 Et
1237 2641 1381 2706 nuncius
1408 2662 1482 2727 quae
1511 2639 1740 2726 contigerant.

666 2741 814 2807 seriatim
843 2741 987 2828 jocando
1022 2742 1096 2807 duci
1129 2742 1300 2809 referebat.
1347 2743 1393 2808 Et
1424 2743 1502 2822 dux,
1527 2740 1620 2827 quasi
1651 2741 1739 2805 alto.
1756 2755 1803 2806 fou
1818 2762 1891 2810 soa.

666 2843 802 2908 vulnere
825 2844 955 2908 saucius
969 2843 1111 2931 irrugiit,
1136 2844 1257 2922 dicens,
1282 2844 1396 2927 “Heu,
1412 2845 1486 2924 heu,
1510 2865 1600 2910 nuno
1622 2842 1739 2907 nimis-

666 2944 766 3008 vivo!
814 2943 904 3023 Quid
936 2945 1044 3012 adhuc
1070 2946 1177 3011 vitam
1208 2947 1365 3033 protraho
1391 2946 1582 3012 infelicem?
1627 2945 1739 3024 ane,-

666 3045 770 3111 frater
792 3067 894 3124 meus,
920 3047 1022 3112 immo
1046 3048 1197 3137 proditor
1223 3071 1316 3115 meus
1340 3055 1375 3115 et
1405 3050 1644 3137 supplantator,
1667 3069 1740 3112 me.

662 3146 734 3233 jam
756 3149 838 3214 adeo
869 3151 995 3235 spernit
1026 3155 1060 3216 et
1090 3151 1192 3217 vilem
1223 3152 1333 3230 habet,
1356 3156 1396 3218 ut
1426 3151 1534 3232 mihi?
1557 3156 1739 3236 tanquam·

666 3250 894 3336 praebendario
917 3273 987 3331 suo,
1002 3274 1063 3339 pro
1085 3253 1263 3321 elemosina
1284 3276 1359 3320 suos
1374 3259 1504 3320 veteres
1527 3258 1562 3319 et
1576 3253 1739 3318 dissutos.

667 3353 870 3420 transmittit
892 3354 1136 3442 panniculos!”
1172 3357 1271 3422 Flens
1293 3357 1399 3444 igitur
1421 3363 1456 3422 et
1479 3356 1605 3443 ejulans
1620 3354 1740 3419 devo·
1773 3350 1776 3359 ’

667 3454 720 3520 vit
742 3456 940 3522 manducare
963 3479 1005 3522 ex
1029 3463 1110 3523 tuno
1133 3463 1168 3524 et
1190 3459 1352 3547 deinoaps,
1379 3481 1439 3524 neo
1461 3464 1576 3546 postea
1607 3458 1738 3522 cibum·

667 3556 722 3622 vel
754 3562 871 3643 potum
903 3580 1030 3625 sumere
1054 3561 1172 3641 voluit,
1199 3561 1236 3625 in
1269 3562 1445 3648 semetipso
1475 3561 1654 3627 desaeviens
1686 3564 1741 3625 et·

667 3659 821 3724 deficiens
836 3685 844 3740 ;
868 3665 902 3726 et
925 3661 971 3726 sio
985 3667 1137 3728 mortuus
1152 3661 1226 3741 est,⁸
1241 3663 1439 3730 maledicens
1454 3663 1520 3730 diei
1533 3661 1740 3729 nativitatis·

499 3770 642 3823 Hisburial
667 3783 743 3828 suae.
791 3762 888 3843 Quod
917 3785 992 3829 oum
1025 3787 1085 3830 rex
1117 3764 1283 3831 Henrious
1306 3767 1461 3847 audisset,
1488 3788 1555 3832 non
1578 3766 1741 3831 multum·

499 3838 618 3890 atGlou·
669 3863 676 3879 ·
820 3867 827 3882 ·
1082 3867 1089 3882 ·
1151 3869 1158 3883 ·
1301 3869 1308 3885 .
1455 3871 1462 3885 .
1710 3868 1717 3883 .

499 3911 580 3956 ceder
666 3865 850 3930 infortunio
873 3866 1057 3944 condolens,
1075 3874 1178 3953 Juss1t
1201 3891 1276 3934 eum
1299 3891 1335 3934 1n
1350 3869 1486 3935 ecclesia
1508 3868 1739 3934 conventuali·

669 3966 855 4033 Glovemiae
870 3975 1060 4035 reverenter
1081 3970 1221 4057 sepeliri.
1255 3971 1279 4037 J
1280 3972 1370 4037 aonia
1393 3978 1504 4038 autem
1520 3993 1558 4038 eo
1573 3977 1720 4058 tempore
1732 3984 1892 4064 Ropwena

499 4075 619 4128 sternes
628 4074 660 4127 os
667 4068 861 4156 imperatrix
885 4069 956 4136 filia
987 4073 1073 4158 regis
1104 4073 1254 4159 graviter
1276 4074 1454 4154 infirmata,
1478 4078 1612 4161 propter
1634 4072 1719 4138 diffi·
1777 4066 1804 4102 ¹¹·
1817 4059 1881 4107 ²¹⁴·

498 4142 579 4274 {igal
589 4158 642 4195 em·
667 4172 825 4237 culmem
840 4177 956 4258 Partus
971 4173 1034 4238 filii
1051 4174 1111 4253 sui,
1129 4197 1227 4261 quem
1243 4198 1349 4264 nuper
1363 4181 1556 4265 pepererat;
1578 4176 1635 4242 sed
1650 4198 1718 4241 ma·
1730 4178 1899 4244 Boawend.

668 4278 766 4339 trona
787 4273 933 4360 prudens
955 4275 1128 4343 thesauros
1150 4300 1227 4345 suos
1249 4279 1369 4361 viduis,
1393 4279 1558 4366 orphanis,
1582 4285 1617 4345 et
1646 4279 1720 4343 aliia
1763 4243 1792 4299 ὓ·
1805 4252 1867 4299 ²¹⁵·

561 4459 566 4468 Ι
668 4375 869 4543 paupplrlribus
891 4376 985 4465 larga
1015 4400 1117 4445 manu
1146 4380 1327 4462 distribuit,
1349 4387 1384 4449 et
1406 4382 1453 4448 sio
1475 4382 1592 4448 mortis
1613 4380 1720 4447 evasit

668 4499 755 4565 perro
790 4500 855 4544 um.

1438 4657 1607 4664 ...-—-———
1628 4658 1668 4663 -—,
1690 4660 1710 4663 .-

703 4759 833 4825 Ῑσωεονιὶς]
849 4759 945 4811 Soalso
955 4761 990 4812 A.
998 4761 1026 4812 P.
1038 4782 1046 4822 ;
1058 4763 1171 4825 cessoris,
1250 4763 1343 4830 'miqu
1363 4765 1451 4826 michi,
1463 4765 1520 4817 MS.

668 4838 697 4889 C.
706 4838 739 4889 D.
773 4838 829 4892 The
840 4839 905 4890 Eud.
917 4839 983 4892 have
994 4843 1116 4907 inrisora's,
1126 4844 1173 4895 but
1251 4845 1321 4911 ἐκ]
1340 4845 1487 4896 Interlined.

667 4917 775 4969 without
785 4919 921 4987 authority.
