4442 6392
757 1194 804 1243 nn
826 1193 985 1243 rnuronn
1008 1193 1110 1244 nnsis
1132 1194 1288 1257 usurum,
1308 1196 1374 1247 vrz.
1396 1195 1504 1246 euml.
1594 1183 1659 1247 205

607 1371 779 1460 complices
809 1378 921 1459 captos
950 1374 1098 1461 respexit
1119 1381 1154 1440 et
1176 1374 1387 1461 compedibus
1417 1373 1659 1462 mancipandos,
1675 1380 1743 1432 al).
1759 1386 1830 1434 110⁰.

589 1475 690 1542 .viii0.
713 1475 873 1541 kalendas
896 1475 998 1542 Maii}
1687 1495 1718 1540 er
1732 1490 1814 1557 April.

1026 1731 1235 1820 Reprobotio.

438 1897 595 1963 noguena.
654 1882 696 1946 In
711 1881 773 1948 hoo
794 1902 874 1948 vero
897 1903 974 1948 casu
995 1881 1142 1949 reddidit
1158 1882 1249 1948 Deus
1264 1882 1370 1948 vicem
1394 1882 1548 1960 Roberto,
1564 1904 1661 1970 quem
1676 1897 1828 1964 Reprooror

609 2006 682 2049 eum
718 1984 754 2049 in
780 1985 910 2052 astibus
932 1983 1214 2050 derosolimitanis
1243 1984 1440 2050 reddidisset
1472 1985 1661 2072 gloriosum,
1675 1966 1806 2082 33⁰¹&

609 2086 705 2151 tum2
735 2086 883 2153 oblatum
908 2086 971 2152 sibi
1002 2088 1132 2173 respuit
1162 2108 1301 2174 regnum
1331 2086 1516 2153 Jerusalem
1546 2095 1662 2155 eontra

609 2189 757 2255 infideles
779 2189 1032 2267 defendendum,
1047 2191 1152 2276 magis
1167 2189 1290 2275 eligens
1308 2190 1421 2275 quieti,
1436 2191 1537 2256 immo
1552 2193 1662 2276 potius

608 2291 751 2369 desidia,
776 2290 954 2377 indulgere,
978 2313 1079 2379 quam
1103 2291 1188 2378 Regi
1212 2314 1327 2380 regum
1350 2292 1386 2356 in
1415 2293 1517 2358 Terra
1539 2294 1661 2360 Saneta

585 2386 590 2397 ’
607 2400 739 2463 strenue
762 2393 916 2461 militare.

472 1966 497 2015 ii.
513 1972 567 2016 182.

759 2664 911 2751 Sipouro
932 2663 1091 2733 terribile.
1138 2663 1289 2751 Siquam
1311 2665 1510 2734 terribilius.

437 2832 594 2911 unguent.
653 2814 695 2880 In
718 2814 817 2901 hujus
839 2815 887 2881 rei
910 2815 1041 2903 signum
1063 2814 1177 2881 eodem
1193 2836 1281 2881 anno
1304 2820 1431 2882 oometo
1454 2821 1660 2904 apparuerat,
1673 2817 1801 2897 lffwsnw

472 2915 496 2950 ¹¹·
513 2906 566 2951 ¹⁸2·
587 2908 708 2983 'asole
731 2918 860 2984 distans
874 2918 969 3005 quasi
992 2918 1105 2984 cubito
1122 2940 1196 2996 uno,
1212 2919 1255 2984 ab
1277 2918 1358 2984 hora
1380 2920 1482 2985 tertia
1499 2942 1602 3006 usque
1617 2921 1660 2986 ad
1672 2892 1791 3003 men

586 3009 720 3085 'horam
750 3042 881 3103 nonam,
905 3022 1035 3086 radium
1057 3042 1099 3086 ex
1123 3043 1158 3086 se
1187 3022 1322 3109 longum
1352 3023 1515 3088 emittens.
1570 3022 1660 3089 visae
1674 3019 1791 3073 herveus

606 3129 685 3188 sunt
701 3124 802 3188 etiam
819 3124 855 3188 in
878 3123 985 3190 Coena
999 3123 1137 3188 Domini
1160 3123 1249 3190 lunae
1272 3125 1361 3192 binae
1388 3131 1423 3192 et
1449 3125 1564 3212 pleuae,
1592 3148 1661 3191 una

607 3227 642 3291 in
667 3226 802 3306 oriente,
826 3231 860 3293 et
883 3226 989 3292 altera
1011 3226 1047 3291 in
1070 3226 1244 3293 occidente.

849 3519 990 3589 Dictum
1009 3521 1125 3608 patris
1144 3520 1413 3609 praenosticum.³

651 3684 770 3770 Sisque
792 3683 966 3770 impletum
989 3689 1047 3761 est,
1069 3683 1159 3770 quod
1181 3705 1239 3748 rex
1259 3682 1445 3748 Willelmus
1468 3682 1492 3748 I.
1517 3682 1805 3760 Henrieol’rophert-

605 3787 673 3852 filio
695 3809 754 3852 suo
777 3787 920 3853 moriens
951 3785 1046 3851 dixit.
1102 3786 1189 3850 Nam
1221 3807 1297 3851 eum
1327 3783 1474 3851 ltoberto
1496 3784 1661 3850 Norman-
1674 3761 1828 3880 ffiiffiffi

605 3889 696 3954 niam
717 3895 752 3954 et
775 3888 941 3954 Willelmo
965 3887 1010 3953 I·I.
1033 3888 1191 3977 Angliam
1218 3887 1396 3976 legaverat,
1419 3909 1493 3953 eum
1518 3887 1661 3952 lacrimis
1675 3893 1696 3942 1.
1709 3895 1786 3944 tonis

606 3991 694 4077 patri
718 3990 808 4056 dixit
835 3990 1008 4069 Henrieus,
1034 3990 1106 4057 “Et
1140 3990 1232 4072 mibi,
1256 3995 1359 4078 pater,
1383 3988 1464 4076 quid
1493 3975 1718 4054 tribuisl''⁸⁰¹¹
1731 3961 1827 4028 fleury.

585 4103 590 4116 “
608 4092 672 4158 Oui
694 4098 797 4178 pater,
823 4092 1008 4178 “Quinque
1032 4093 1124 4157 milia
1139 4092 1240 4157 libras
1260 4092 1402 4179 argenti,
1418 4092 1541 4179 absque
1555 4091 1663 4178 supel-

589 4194 708 4258 ·leotili
724 4199 759 4258 et
775 4194 939 4278 jocalibus
954 4195 1114 4282 pretiosis,
1129 4195 1192 4260 tibi
1208 4195 1259 4275 do,
1283 4195 1332 4259 fili
1348 4194 1402 4272 mi,
1426 4216 1499 4260 cum
1521 4199 1661 4281 paterna

587 4296 843 4377 benedictione,
881 4318 980 4382 quam
1017 4304 1130 4364 tamen
1165 4297 1310 4362 Roberto
1346 4297 1442 4364 fratri
1477 4302 1545 4378 tuo,
1583 4297 1661 4363 licet

589 4397 837 4488 primogenito,
860 4398 1044 4487 denegavi,⁴
1064 4401 1122 4487 qui
1145 4399 1342 4487 quandoque
1364 4399 1435 4486 regi
1458 4398 1659 4465 Francorum

588 4507 788 4569 ·oont1·ame
811 4500 1051 4569 eonfoederatus
1065 4500 1143 4570 est.'’
1189 4502 1242 4570 Ad
1265 4502 1335 4569 haeo
1351 4500 1526 4581 Henrious,
1542 4500 1661 4583 “Quid

639 4809 725 4859 ¹This
750 4811 808 4859 date
836 4808 859 4858 ir
884 4823 916 4859 an
940 4807 1052 4859 addition
1075 4809 1110 4874 by
1156 4808 1203 4859 See
1231 4809 1291 4860 Sex.
1317 4809 1419 4869 chron„
1441 4824 1467 4875 p.
1489 4813 1559 4870 ³68;
1587 4809 1659 4862 wilt

605 4889 727 4940 blsttbew
749 4889 831 4948 Paris,
851 4889 901 4938 and
923 4889 946 4938 is
968 4903 1110 4948 erroneour,
1155 4888 1243 4939 Melta.
1256 4889 1272 4938 i.
1286 4893 1343 4940 625.

606 4969 715 5018 sincerii
731 4969 774 5018 the
788 4969 859 5018 older
872 4967 1019 5018 authorities
1035 4982 1109 5032 agree
1187 4967 1270 5032 Νη]
1290 4967 1385 5017 Added
1397 4967 1424 5018 in
1437 4982 1517 5033 marg.

606 5047 662 5095 that
680 5046 722 5096 the
741 5047 818 5097 battle
835 5063 888 5097 vas
906 5047 997 5112 fought
1016 5061 1050 5097 on
1068 5046 1109 5096 the
1187 5048 1197 5078 ⁸
1205 5047 1391 5113 proeaortr'curr]
1411 5047 1447 5096 So
1458 5047 1513 5097 also
1525 5047 1551 5096 in
1563 5063 1588 5112 p.
1603 5053 1658 5100 164.

607 5125 668 5191 vigil
677 5127 707 5176 of
712 5126 748 5176 St.
757 5126 876 5185 Michael,
885 5126 945 5177 teth
954 5126 1108 5191 September.
1177 5128 1196 5164 -⁴
1207 5125 1335 5193 ᾰιιῳαυί]
1354 5126 1448 5180 Added
1458 5142 1493 5178 on
1504 5135 1532 5178 to
1542 5127 1586 5177 tbe
1596 5135 1658 5179 text
