4442 6392
637 1125 702 1190 348
770 1139 935 1191 MA‘H’HAEI
959 1138 1175 1190 Passlslnnffls
1198 1140 1361 1190 HISTORIA
1384 1139 1585 1190 mesenum,

468 1417 537 1469 nl).
552 1426 624 1474 noa.
793 1408 916 1475 Lc'tercc
939 1409 1027 1494 sapia
1050 1408 1088 1472 H
1091 1407 1230 1494 [ecerat]
1254 1407 1302 1474 II.
1326 1408 1373 1475 od
1392 1430 1535 1497 popam.
1719 1429 1842 1481 sotsac.

468 1585 623 1651 anaema).
682 1563 807 1631 Eodem
841 1585 971 1650 quoque
1001 1584 1088 1629 anno
1121 1562 1320 1642 Gilebertus,
1353 1563 1592 1631 Londoniensis
1624 1567 1859 1651 epi-Roawenn

466 1653 757 1785 gelffflseopua
781 1665 1021 1745 transfretavit,
1053 1687 1148 1731 suam
1178 1665 1313 1732 domino
1347 1687 1442 1753 papae
1480 1669 1688 1755 praesentiam
1734 1643 1832 1693 Μ·

467 1786 539 1850 king,
552 1793 579 1836 a
633 1768 851 1846 exhibiturus,
874 1774 909 1834 et
945 1788 1060 1834 causas
1093 1767 1324 1854 appellationis
1358 1769 1556 1835 redditurus.
1613 1770 1688 1850 Quo

467 1859 593 1971 {22¹3ssoe
636 1870 791 1935 veniente
809 1870 853 1935 ad
874 1891 984 1958 regem
1008 1869 1223 1956 H[enricum]
1246 1870 1284 1934 in
1304 1870 1520 1950 Normannia,
1545 1878 1689 1937 tractare

465 1985 622 2051 egelnotho
635 1979 807 2059 coeperunt
832 1972 1059 2049 communiter,
1083 1972 1249 2059 quomodo
1272 1972 1409 2038 beatum
1432 1972 1592 2039 Thomam
1614 1974 1689 2040 dolc

467 2055 523 2118 ²¹³⁹·
635 2071 932 2154 circumvenirent‚¹
950 2080 985 2139 et
1000 2095 1133 2139 causam
1149 2073 1229 2160 ejus,
1245 2074 1323 2140 lieet
1332 2074 1561 2160 justissimam,
1578 2097 1688 2141 coram

634 2198 720 2263 papa
734 2175 957 2262 denigrarent.
1003 2174 1152 2241 Tandem
1174 2176 1211 2240 in
1233 2176 1295 2242 hoc
1316 2184 1561 2258 consenserunt,
1577 2185 1616 2244 ut
1630 2201 1689 2244 rex

635 2279 775 2344 Romam
798 2278 948 2343 mitteret
968 2277 1165 2363 sollempnes
1187 2278 1325 2344 nuncios
1352 2301 1427 2344 cum
1448 2280 1553 2345 literis
1575 2280 1689 2368 ipsius,

634 2382 670 2446 in
704 2382 825 2468 quibus
862 2387 1012 2468 expresse
1046 2375 1180 2446 domino
1211 2403 1308 2468 papae
1343 2382 1567 2469 denunciaret
1599 2386 1688 2468 quod

633 2483 820 2570 superbiam
843 2482 986 2560 Thomae,
1010 2483 1260 2550 Cantuariensis
1289 2483 1535 2571 archiepiscopi,
1566 2486 1688 2552 severi-

633 2587 713 2652 tatis
728 2586 809 2672 pede
825 2590 1017 2666 contereret,
1033 2585 1110 2651 vel'
1125 2587 1193 2673 ipse
1214 2592 1249 2652 et
1271 2608 1385 2653 omnes
1399 2587 1539 2653 barones
1553 2589 1705 2676 Angliae.

575 2751 579 2759 .
632 2710 706 2754 cum
740 2687 822 2753 viris
853 2685 1031 2752 omnibus³
1064 2687 1290 2754 ecelesiasticis
1320 2689 1363 2754 ab
1395 2688 1466 2775 ejus
1497 2690 1703 2756 obedientia.

632 2791 829 2856 recederent.
870 2789 1018 2867 Quarum
1041 2790 1212 2856 literarum
1227 2795 1330 2869 tenor,
1348 2791 1425 2878 quia
1440 2793 1587 2858 materiae
1601 2816 1703 2880 praa.

632 2893 720 2960 senti
750 2893 939 2959 necessaria
973 2898 1060 2971 sunt,
1092 2893 1171 2958 huio
1201 2915 1257 2959 eas
1290 2894 1421 2980 paginae
1450 2894 1605 2960 duximus
1634 2896 1703 2961 in-.

633 2993 829 3062 scribendas.

1068 3192 1247 3280 apaan*

464 3351 591 3404 Iaettarof
668 3342 687 3369 “
700 3340 826 3408 Vestrae,
855 3347 947 3414 pater,
977 3342 1050 3398 satis
1077 3341 1235 3397 innotescit
1261 3341 1422 3410 serenitati,
1450 3349 1558 3413 quanta
1582 3360 1629 3398 me
1655 3349 1685 3399 et
1697 3353 1856 3419 Rogwend.

463 3417 580 3485 lh“¹¹⁵⁰ss
631 3430 740 3482 terram
757 3443 853 3482 meam
871 3427 983 3497 affligat
994 3425 1140 3491 molestia,
1155 3425 1331 3497 quantisque
1343 3443 1391 3480 me
1403 3427 1556 3484 vexaverit
1567 3427 1684 3498 injuriis
1730 3422 1828 3474 itm

464 3485 618 3554 wlhelm·
630 3509 756 3566 Thomas
774 3510 835 3576 ille,
856 3510 1042 3566 adversarius
1067 3525 1161 3575 meus,
1191 3527 1268 3575 cum,
1293 3515 1369 3565 testo
1396 3510 1583 3576 conscientia,
1610 3511 1684 3566 nihil

630 3595 812 3661 meruerim‚⁵
841 3595 884 3649 nil
914 3593 1060 3665 gesserim
1089 3598 1171 3648 tanta
1203 3592 1327 3664 dignum
1357 3594 1542 3650 contumelia.
1598 3594 1685 3651 Nunc

630 3683 729 3734 autem
747 3678 909 3734 innumeris
933 3676 1168 3749 praecedentibus
1192 3694 1297 3731 novam
1322 3676 1431 3748 adjecit
1457 3679 1606 3749 injuriam,
1633 3681 1685 3749 qui

631 3761 761 3832 affligere
780 3780 838 3816 non
856 3760 966 3816 desinit
984 3760 1177 3815 innocentem.
1213 3759 1324 3815 Vestra
1341 3761 1488 3833 siquidem
1506 3762 1599 3818 fultus
1618 3780 1686 3818 auc·

630 3846 758 3910 toritate,
779 3851 813 3902 ut
831 3846 946 3911 asserit,
967 3844 1087 3900 devotos
1116 3851 1146 3899 et
1173 3843 1274 3899 fideles
1300 3845 1432 3900 ecclesiae
1450 3846 1589 3901 Romanae
1608 3846 1684 3902 filios

630 3930 863 3986 Londoniensem
890 3936 920 3984 ot
948 3927 1196 3985 Saresbiriensem
1223 3927 1385 4000 episcopos,
1413 3947 1480 3983 eum
1505 3929 1684 3999 quibusdam

630 4015 825 4070 familiaribus
854 4014 939 4080 meis,
977 4011 1172 4068 anathematis
1204 4013 1350 4067 sententia
1379 4013 1539 4078 innodarit,
1571 4014 1683 4069 nullam

628 4097 739 4153 habens
757 4097 898 4153 adversus
917 4114 967 4152 eos
985 4113 1105 4151 causam
1123 4094 1336 4151 rationabilem.
1375 4096 1441 4152 Hoc
1468 4103 1567 4152 autem
1594 4115 1681 4168 quam

629 4180 670 4237 sit
686 4181 761 4236 mihi
786 4181 981 4245 intolerabile,
1002 4196 1148 4252 quamque
1175 4179 1260 4233 famae
1288 4196 1361 4234 meae
1380 4186 1503 4250 generet
1520 4180 1679 4246 laesionem,
1696 4191 1858 4258 Roffwend,

627 4270 734 4320 vestrae
754 4264 841 4320 oredo
858 4282 916 4319 non
933 4265 1116 4335 incognitum
1135 4261 1292 4318 sanctitati.
1330 4261 1458 4319 Videtur
1482 4263 1556 4318 mihi
1582 4265 1680 4331 etiarn,
1729 4261 1755 4314 li·
1768 4269 1827 4315 ³³5.

629 4347 708 4423 quod
725 4366 773 4403 mo
792 4349 876 4420 quasi
895 4348 1071 4403 derelictum
1088 4353 1190 4402 vestra
1207 4346 1367 4417 projecerit
1377 4347 1547 4418 paternitas,
1562 4366 1630 4404 cum
1646 4350 1684 4404 ad

629 4431 798 4503 ignominiae
825 4450 898 4488 meas
924 4430 1135 4504 augmentum⁶
1153 4430 1333 4501 flagitiosum
1354 4431 1385 4485 in
1404 4449 1451 4487 me
1469 4433 1601 4502 grassari
1618 4436 1683 4504 per·

628 4515 721 4573 mittit
738 4517 900 4582 inimicum,
920 4533 974 4572 neo
986 4514 1122 4587 reprimit
1133 4513 1309 4585 injuriarum
1320 4514 1535 4570 vehementiam
1553 4526 1682 4587 paternae

628 4601 817 4658 correctionis
835 4599 1006 4657 moderatio.
1051 4597 1190 4655 Vestram
1208 4597 1303 4668 igitur
1321 4597 1441 4654 obsecro
1460 4600 1634 4671 suppliciter
1652 4606 1682 4656 et

590 4872 595 4882 ,
662 4831 668 4862 ¹
681 4831 893 4898 cdcamoenirent]
920 4832 1130 4892 circumvenrent,
1209 4827 1362 4894 'Abridged
1372 4828 1438 4881 from
1447 4831 1510 4897 Epp
1523 4831 1615 4883 libili.
1628 4838 1681 4894 48.;

627 4908 685 4961 MS.
1176 4908 1239 4974 Epp.
1252 4908 1613 4974 Gilb.episo.1oud.ii.491.

660 4991 729 5059 2μοι]
748 4993 895 5046 Interlined.
1210 4989 1369 5055 Μενηνία]
1388 4991 1529 5049 metuerim,
1537 4992 1595 5043 MS.

659 5071 802 5140 'omnitad
823 5074 864 5125 0n
875 5090 907 5125 an
918 5089 1028 5127 erasure.
1209 5069 1395 5135 ⁸‘sstlmfflflmd
1413 5077 1582 5132 aucmentum,
1594 5070 1649 5122 MS
