4442 6392
587 1183 634 1233 DE
655 1183 817 1234 TEMPORE
839 1182 942 1234 nnsls
964 1183 1136 1234 WILLELMI
1159 1185 1320 1246 sacuam,
1342 1185 1409 1235 VIZ.
1434 1185 1527 1236 RUFI.
1556 1166 1600 1238 73

540 1360 695 1427 laborem.
742 1360 871 1426 Habito
903 1361 1009 1448 igitur
1038 1366 1197 1440 tractatu,
1223 1384 1337 1428 omnes
1370 1363 1526 1428 comitem
1550 1363 1602 1426 in·

541 1469 672 1530 stanter
705 1462 930 1551 postulabant,
964 1470 1004 1529 ut
1041 1465 1197 1552 praevius,
1235 1465 1435 1552 imperatore
1472 1468 1610 1552 pacato,

480 1633 483 1640 ,
542 1568 614 1633 vias
647 1567 798 1654 pacificas
829 1571 1039 1654 praepararet.
1094 1567 1281 1655 Adquievit
1318 1590 1435 1645 comes,
1466 1588 1601 1654 precum

543 1670 652 1736 victus
673 1669 845 1736 instantia
892 1669 1022 1736 Relicto
1056 1669 1162 1757 igitur
1193 1672 1344 1736 exercitu
1366 1670 1428 1736 sub
1450 1670 1601 1736 custodia

542 1773 768 1860 episcoporum
791 1776 828 1838 et
849 1773 999 1838 virorum
1021 1773 1194 1852 nobilium,
1217 1775 1276 1860 qui
1298 1774 1334 1838 in
1357 1773 1473 1840 castris
1496 1778 1601 1854 erant,

543 1877 612 1963 ipse
635 1897 710 1941 cum
732 1874 845 1964 paucis
871 1874 1196 1962 Constantinopolim
1219 1897 1407 1964 properans,
1432 1876 1477 1941 ad
1498 1876 1602 1962 impe·

544 1983 687 2045 retorem
718 1977 885 2065 ingressus
917 1976 997 2058 est;¹
1034 2000 1056 2042 a
1084 2000 1151 2064 quo
1183 2000 1257 2044 cum
1288 1979 1379 2043 omni
1414 1978 1770 2064 reverentiarsusurent

544 2086 722 2167 susceptus
746 2078 854 2145 multa
875 2079 1039 2145 instantia
1060 2101 1236 2166 persuasus
1258 2087 1319 2161 est,
1344 2085 1384 2146 ut
1407 2081 1600 2168 imperatori
1611 2052 1750 2170 ξῗῗζζωω

400 2191 442 2242 fol.
457 2190 516 2243 let.
543 2182 715 2248 fidelitatis
733 2183 970 2268 juramentum,
993 2182 1172 2247 secundum
1187 2183 1326 2249 formam
1348 2183 1488 2249 aliorum
1509 2183 1600 2271 prin·
1613 2184 1762 2236 Greekem.

544 2286 663 2373 cipum,
677 2286 735 2372 qni
751 2307 827 2351 eum
842 2290 1082 2372 pracessemnt,
1098 2285 1278 2351 exhiberet.
1324 2285 1442 2353 (lomes
1463 2285 1601 2372 negavit
1611 2260 1721 2370 mm

544 2389 649 2476 plane.
697 2387 797 2453 Unde
820 2387 1016 2474 indignatus
1045 2389 1227 2474 imperator
1249 2388 1471 2454 insidiabatur
1492 2387 1542 2453 illi
1565 2394 1600 2454 et
1613 2386 1747 2438 samana.
1878 2408 1886 2419 ·

545 2491 615 2576 ejus
637 2490 805 2568 exercitui,
830 2490 1024 2577 praecipiens
1046 2490 1210 2555 militibus
1232 2493 1309 2570 suis,
1331 2497 1372 2557 ut
1402 2497 1538 2579 repente
1564 2492 1602 2556 in

544 2593 729 2680 legionibus
752 2592 820 2657 suis
842 2598 955 2678 spreta
978 2592 1045 2658 fide
1068 2593 1243 2672 irruentes,
1268 2594 1437 2680 usquead
1459 2600 1600 2660 mortem

544 2697 654 2784 ipsum
676 2695 779 2761 etiam
802 2696 957 2761 comitem
978 2696 1130 2782 persequi
1153 2701 1399 2783 attemptarent.
1447 2696 1602 2764 Centuri-

546 2821 624 2864 ones
646 2798 751 2885 igitur
772 2799 981 2885 imperatoris
1003 2799 1193 2885 agminibus
1215 2799 1417 2864 militaribus
1438 2821 1513 2864 cum
1535 2800 1605 2865 suis

547 2901 706 2968 Graeculis
741 2900 901 2987 expediti,
938 2900 1066 2966 domini
1098 2902 1151 2966 sui
1177 2901 1362 2988 jussionem
1392 2907 1603 2989 exequentes,

546 3004 630 3069 clam
646 3004 736 3069 etde
751 3008 848 3069 nocte
870 3004 907 3068 in
921 3003 1051 3069 comitis
1066 3004 1201 3068 irruunt
1215 3004 1452 3090 expeditiones,
1476 3009 1510 3070 et
1525 3026 1606 3090 quos

547 3107 740 3171 immunitos
774 3105 984 3184 invenerunt,
1017 3104 1178 3192 plurimos
1210 3112 1428 3193 peremerunt.
1487 3107 1605 3174 (lomes

547 3214 658 3273 autem
690 3206 760 3273 haec
791 3206 935 3284 audiens,
967 3207 1160 3293 imperatori
1182 3209 1380 3294 proditionis
1412 3208 1533 3294 objecit
1554 3211 1605 3274 in·

547 3309 704 3389 famiam;
733 3308 820 3374 unde
852 3309 1030 3395 imperator
1052 3309 1244 3375 erubescens
1266 3317 1301 3376 et
1326 3311 1406 3377 fecti
1428 3313 1602 3398 poenitens,

549 3411 789 3488 Boamundum,
812 3411 870 3496 qui
891 3411 999 3476 adbuc
1030 3411 1067 3476 in
1097 3412 1248 3478 ulteriori
1278 3415 1379 3477 maris
1408 3414 1505 3479 litore
1527 3436 1602 3479 cum
1614 3431 1774 3482 Boamundis

549 3516 617 3580 suis
639 3514 813 3592 residebat,
836 3515 879 3579 ad
902 3536 936 3579 se
959 3514 1039 3579 facit
1061 3515 1201 3592 evocari,
1222 3520 1262 3579 ut
1284 3538 1342 3601 per
1364 3518 1434 3602 ejus
1456 3523 1491 3582 et
1513 3502 1773 3616 prin-Jffl'nfflj

550 3619 659 3705 cipum
682 3638 816 3681 suorum
838 3617 1066 3682 interventum
1089 3617 1219 3682 comitis
1241 3617 1305 3681 sibi
1328 3619 1475 3684 animum
1498 3582 1757 3710 possitposeprle·

550 3719 767 3785 reconciliare.
819 3718 886 3799 Qui
917 3719 960 3783 ad
992 3718 1063 3803 ejus
1086 3720 1292 3784 vocationem
1314 3721 1492 3796 venientes,
1524 3699 1733 3816 licetssss‘ffiffla'

552 3823 695 3889 multum
723 3821 909 3907 displiceret
940 3821 1029 3908 quod
1052 3820 1178 3886 factum
1204 3820 1322 3898 fuerat,
1346 3843 1420 3886 cum
1450 3822 1603 3890 viderent

382 3925 642 4011 Rog.wen‹1.quod
664 3945 733 3989 non
754 3929 841 3988 esset
863 3922 1001 3988 ultionis
1024 3923 1124 4001 locus,
1140 3944 1215 3987 cum
1238 3922 1281 3986 ad
1303 3924 1429 4009 majora
1450 3946 1604 4012 propera-

422 4009 452 4060 ii.
465 4011 503 4059 ⁷⁹·
553 4031 637 4105 rent,
680 4025 723 4090 ad
759 4025 1020 4091 exhortationem
1058 4045 1171 4089 eorum
1210 4047 1316 4090 comes
1354 4033 1388 4091 et
1427 4028 1606 4114 imperator

553 4129 813 4195 reconciliantur.
859 4127 914 4207 Et,
944 4128 1047 4213 juxta
1079 4127 1219 4192 formam
1250 4128 1422 4193 fidelitatis
1458 4129 1501 4194 ab
1531 4130 1606 4195 aliis

553 4233 683 4309 factam,
701 4232 930 4317 juramentum
953 4252 1059 4296 comes
1093 4229 1307 4315 adquiescens
1329 4236 1365 4296 et
1393 4231 1607 4318 deprecabilis

553 4335 748 4412 exhibendo,
772 4334 808 4398 in
831 4333 1032 4420 imperialem
1054 4333 1197 4419 gratiam
1219 4333 1315 4419 plene
1337 4339 1495 4419 receptus,
1511 4335 1607 4399 donis

553 4436 745 4525 ingentibus
759 4436 948 4502 honoratur.
995 4434 1117 4500 Forma
1139 4441 1252 4500 autem
1267 4434 1439 4501 fidelitatis
1461 4435 1530 4502 haec
1545 4442 1605 4514 est,
1616 4449 1733 4500 Formas

553 4541 704 4627 inquam
720 4561 831 4605 omnes
846 4543 1082 4604 consenserunt
1104 4539 1208 4604 totius
1224 4538 1387 4625 principes
1403 4539 1581 4606 occidentis
1594 4567 1602 4606 :
1615 4516 1748 4652 2⁰3le

554 4642 651 4723 Quod
672 4642 836 4719 videlicet,
851 4641 1004 4706 civitates
1027 4646 1062 4706 et
1084 4640 1225 4715 castella,
1249 4662 1324 4705 cum
1346 4642 1603 4727 possessionibus
1614 4650 1657 4701 the

553 4745 636 4823 aliis,
654 4766 727 4830 quae
748 4745 793 4810 ad
810 4744 866 4830 jus
889 4743 1097 4831 imperatoris
1112 4748 1259 4830 spectare
1280 4743 1491 4826 videbantur,
1514 4745 1542 4810 si
1565 4736 1735 4811 eaempemr.

553 4852 685 4934 possent
716 4847 899 4934 subjugare,
935 4846 1000 4911 sibi
1034 4844 1208 4910 redderent
1240 4845 1468 4928 incontinenti,
1504 4848 1605 4914 salvis

680 5034 852 5042 .-v—-..a—a-
862 5035 985 5042 -—--—

965 5146 1034 5214 1ιιι]
1053 5144 1199 5198 interlined.
