4442 6392
630 1165 695 1230 152
761 1178 927 1229 narrum
951 1176 1165 1227 rsmsmssrs
1187 1175 1353 1227 merosus
1374 1175 1573 1226 morosus.

465 1364 533 1416 sn.
547 1367 619 1422 1099.
630 1375 732 1438 usque
747 1353 790 1417 ad
812 1351 1128 1419 consummationem
1150 1373 1211 1416 nos
1233 1372 1302 1417 non
1323 1348 1538 1436 derelinquet.
1575 1349 1705 1431 Absit„

630 1455 719 1522 absit
748 1477 770 1520 a
801 1454 898 1520 nobis
929 1453 1065 1530 obsidio,
1102 1454 1196 1540 cujus
1229 1453 1378 1518 miserias
1414 1452 1544 1540 experti
1574 1475 1706 1519 sumus.

630 1557 880 1645 hequentius!''
932 1556 1167 1623 Convenerunt
1197 1557 1302 1645 igitur
1334 1556 1371 1620 in
1397 1577 1501 1620 unum
1527 1555 1633 1622 clerus
1653 1562 1706 1622 et.

631 1661 771 1749 populus
793 1660 975 1738 universus,
990 1664 1024 1725 et
1048 1681 1140 1724 arma
1162 1658 1351 1747 spiritualia
1374 1657 1466 1747 prius
1492 1658 1687 1744 bajulantes,

633 1764 677 1830 ad
698 1764 907 1851 sepulchrum
933 1762 1069 1830 Domini
1093 1763 1189 1829 corde
1215 1764 1359 1828 contrito
1386 1767 1522 1827 etcum
1552 1762 1688 1828 fletibus

634 1866 809 1932 humiliato
843 1865 990 1952 profecti,
1023 1870 1057 1930 et
1090 1871 1223 1930 orantes
1253 1864 1289 1929 in
1321 1867 1444 1929 terram
1474 1865 1641 1950 prostrati,
1668 1888 1690 1928 a

635 1969 780 2035 Domino
810 1969 1050 2034 instantissime
1080 1973 1115 2034 et
1146 1967 1376 2055 urgentissime
1406 1967 1626 2055 postulabant,
1649 1975 1689 2034 ut

636 2073 794 2160 populum
821 2093 917 2137 suum
949 2069 1204 2137 misericorditer
1234 2071 1278 2134 ab
1309 2070 1580 2137 imminentibus¹
1605 2073 1689 2159 peri-

636 2175 718 2242 culis
737 2174 903 2254 liberaret,
918 2173 1097 2260 vincatque
1112 2173 1277 2238 Dominus
1292 2174 1505 2252 exercituum,
1522 2174 1581 2261 qui
1595 2198 1707 2260 aeque.

637 2277 773 2343 dimicat
795 2277 832 2341 in
853 2276 968 2364 paucis
989 2281 1029 2341 ut
1051 2274 1176 2357 multis,
1198 2274 1334 2342 inviotae
1349 2275 1485 2342 virtutis
1500 2299 1538 2341 ac
1560 2276 1708 2364 magni.

635 2381 716 2446 ficus
737 2379 966 2467 triumphator.

839 2636 968 2706 caera
989 2635 1093 2704 hostes
1115 2636 1278 2704 audacter
1296 2635 1495 2724 procedunt.

470 2809 545 2874 They
681 2800 820 2877 Deinde,
858 2804 992 2886 sumpte
1028 2820 1072 2864 ex
1110 2798 1174 2862 Dei
1210 2802 1306 2885 parte
1344 2797 1491 2876 audacia,
1526 2798 1569 2864 ab
1606 2799 1688 2865 urbe
1700 2813 1861 2879 Rogvvcnd.

470 2875 571 3008 ffiz
637 2925 750 2969 versus
779 2901 973 2968 Ascalonem
1003 2901 1194 2989 procedunt,
1217 2901 1372 2966 audacter
1400 2902 1550 2968 hostibus
1581 2924 1690 2968 occur-

470 3009 615 3071 theonemy
637 3011 757 3072 rentes.
795 3004 979 3069 Portabant
997 3008 1110 3068 autem
1128 3026 1238 3069 secum
1255 3009 1383 3090 partem
1403 3005 1488 3092 ligni
1508 3007 1689 3073 Dominiooe

472 3075 626 3208 gqqqqchke
639 3108 762 3186 Crucis,
794 3128 893 3192 quam
924 3106 1007 3171 civis
1037 3104 1197 3192 quidam⁹
1228 3106 1524 3187 Jerosolimitanus‚
1556 3110 1859 3185 nomineRogwenc

1734 2882 1761 2934 ii.
1775 2887 1830 2934 147.

640 3211 754 3298 Syrus,
784 3209 990 3296 principibus
1019 3229 1125 3295 nuper
1154 3209 1394 3295 propalaverat,
1427 3210 1470 3276 ab
1500 3213 1691 3299 antiquiss
1735 3187 1761 3238 ᾗ·
1775 3193 1831 3240 ¹⁴⁸·

641 3335 675 3379 se
705 3311 910 3400 temporibus
940 3311 1148 3377 custoditam.
1193 3311 1273 3376 Dux
1302 3334 1389 3392 vero,
1413 3313 1470 3400 qui
1500 3337 1560 3380 rex
1590 3317 1691 3380 etiam

642 3421 714 3483 erat
745 3415 1042 3491 Jerosolimitsnus,
1073 3436 1149 3479 cum
1183 3415 1302 3480 ceteris
1338 3415 1566 3503 principibus³
1600 3440 1691 3505 pere·

641 3518 746 3606 grinis
777 3517 951 3583 Remulum
981 3517 1187 3604 perveniens,
1219 3518 1355 3583 edoctus
1387 3525 1438 3584 est
1472 3520 1519 3584 ibi
1553 3519 1690 3607 plenius,

642 3622 731 3709 quod
761 3620 939 3706 pradictus
969 3619 1145 3705 Emyreius
1168 3620 1257 3706 apud
1278 3621 1497 3687 Ascalonem⁴
1527 3645 1601 3688 cum
1624 3625 1692 3689 suis

643 3724 743 3809 copiis
778 3723 984 3789 consedisset.
1032 3721 1197 3787 Praemisit
1227 3722 1341 3808 itaque
1371 3726 1441 3789 dux
1472 3727 1600 3812 equites
1634 3727 1695 3792 du-

643 3831 763 3903 centos,
786 3826 844 3910 qui
868 3825 956 3889 viam
979 3829 1013 3889 et
1036 3828 1161 3888 statum
1183 3823 1330 3889 hostiurn
1348 3828 1526 3912 prudenter
1548 3830 1695 3916 exploro-

644 3936 736 4009 rent;
769 3928 826 3993 sed
856 3949 930 3993 cum
961 3927 1206 4012 aliquantulum
1229 3929 1469 4013 processissent,
1493 3931 1695 3998 invenenmt

645 4037 796 4097 armenta
819 4029 928 4107 boum,
951 4051 1110 4115 equorum
1134 4034 1167 4093 et
1190 4031 1388 4096 camelorum
1412 4035 1696 4120 compastoribus

646 4134 841 4199 eorumdem.
888 4132 942 4197 Ad
965 4153 1047 4216 quos
1069 4154 1144 4197 cum
1166 4137 1279 4197 noster
1300 4135 1464 4199 exercitus
1486 4139 1695 4222 pervenisset,

647 4237 803 4323 fugerunt
832 4239 903 4300 tam
936 4240 1084 4321 pastores
1116 4255 1215 4319 quam
1238 4234 1296 4321 qui
1322 4237 1509 4322 pastoribus
1532 4247 1696 4325 praeerant

649 4339 785 4425 equites,
814 4337 970 4424 gregibus
1000 4340 1034 4402 et
1063 4337 1223 4401 armentis
1253 4337 1324 4403 sine
1358 4340 1493 4406 custode
1523 4341 1695 4411 derelictis.

683 4636 892 4704 Nantuatibus]
911 4636 1083 4699 iminentibua
1092 4638 1150 4688 MS.
1195 4640 1268 4704 quiet
1278 4657 1323 4690 rex
1331 4649 1392 4692 erat.
1422 4642 1697 4711 Inthelowermsrgiu

682 4718 815 4784 'quidom]
844 4716 876 4767 In
896 4716 939 4767 the
961 4725 1017 4767 text
1039 4718 1089 4781 qui,
1107 4718 1153 4767 but
1195 4720 1292 4771 arethe
1304 4723 1387 4771 words
1394 4724 1697 4787 proecrpuuseorumerot,

650 4812 714 4848 corr.
726 4797 754 4846 in
766 4811 848 4860 marg.
1195 4815 1248 4846 cum
1259 4801 1352 4858 cemes,
1361 4800 1461 4852 written
1469 4802 1531 4852 with
1542 4819 1558 4852 ι
1568 4805 1697 4867 plummet‚

683 4878 748 4924 ’rer
757 4876 827 4924 etiam
840 4873 1054 4940 ...principibus]
1070 4875 1153 4926 These
1196 4877 1289 4937 which,
1301 4894 1334 4927 no
1354 4882 1439 4940 doubt,
1454 4897 1519 4931 vere
1535 4882 1654 4933 intended
1671 4893 1698 4935 to

651 4956 733 5005 words
752 4954 817 5003 hsve
837 4955 900 5004 been
920 4956 1015 5015 erased,
1037 4956 1086 5005 and
1109 4971 1153 5005 ere
1196 4958 1697 5024 partlysupplytheplsceofthoseerased.

651 5035 743 5087 almost
752 5033 865 5099 illegible
880 5054 887 5093 ς
906 5035 951 5083 but
962 5034 1005 5084 W.
1016 5035 1108 5085 sndA.
1122 5036 1151 5087 C.
1231 5036 1410 5105 ‘Ascalonem
1430 5040 1594 5105 Ascalonem,
1603 5043 1660 5094 Ms.

651 5115 685 5166 D.
696 5114 726 5164 F.
743 5128 826 5178 agree,
839 5121 929 5178 except
946 5113 999 5164 that
1017 5114 1078 5179 they
1091 5116 1152 5164 read
