4442 6392
669 1169 715 1219 ns
737 1169 896 1219 rmrronr
919 1168 1019 1218 ursis
1043 1169 1200 1233 rrruurcr,
1224 1170 1290 1220 vm.
1315 1170 1472 1220 securim.
1536 1159 1602 1224 413

555 1342 614 1407 nia
644 1363 719 1427 quse
753 1364 813 1406 sua
844 1349 933 1421 sunt,
967 1342 1065 1430 plena
1098 1343 1222 1430 ubique
1257 1365 1335 1432 pace
1367 1351 1401 1411 et
1430 1346 1606 1412 securitate
1620 1349 1689 1401 ΑΒ·
1704 1349 1776 1398 ¹1⁷⁹·

556 1445 721 1510 laetentur.
768 1445 819 1511 Ut
849 1445 1072 1512 ordinationes
1095 1468 1116 1511 a
1138 1447 1351 1513 scismaticis¹
1385 1449 1481 1515 facte
1504 1449 1608 1515 irritm

556 1547 743 1613 habeantur
765 1554 801 1614 et
823 1549 947 1629 inanes,
969 1554 1003 1615 et
1034 1549 1194 1616 beneficia
1217 1549 1260 1615 ab
1290 1550 1337 1615 eis
1364 1551 1483 1616 collatu
1514 1574 1607 1617 revo-

556 1658 680 1716 centur.
727 1651 780 1716 Nc
803 1674 863 1739 pro
885 1650 1111 1718 ecclesiasticis
1134 1653 1349 1719 instituendis
1372 1656 1526 1740 personis
1551 1678 1609 1720 seu

557 1755 698 1820 mortuis
728 1755 932 1841 sepeliendis
960 1760 1020 1821 aut
1050 1756 1253 1823 nubentibus
1283 1757 1524 1840 benedicendis,
1555 1759 1609 1824 vel

557 1858 632 1923 aliis
662 1858 805 1924 ecclesisc
835 1859 1056 1939 sacramentis,
1089 1859 1218 1944 aliquid
1253 1860 1415 1946 exigatur.
1462 1860 1515 1926 Nc
1544 1861 1611 1925 viri

559 1960 712 2045 religiosi,
735 1959 787 2025 vel
811 1960 952 2045 quilibet
974 1960 1041 2038 alii,
1065 1961 1214 2026 ecclesias
1244 1963 1296 2027 vel
1328 1961 1469 2028 decimas
1492 1986 1613 2050 pransu-

511 2110 516 2119 .
559 2068 654 2128 mant
687 2063 729 2128 de
763 2085 864 2128 manu
902 2063 1065 2150 suscipere
1103 2064 1270 2142 laicorum,
1305 2065 1377 2130 sine
1414 2067 1614 2132 auctoritate

560 2166 805 2251 episcoporum;
836 2170 871 2230 et
901 2187 967 2230 non
998 2165 1089 2230 nisi²
1120 2167 1219 2233 semel
1250 2168 1285 2232 in
1315 2190 1403 2233 anno
1435 2169 1611 2255 Templurii

560 2268 630 2333 sive
646 2267 862 2354 Hospitalarii
879 2267 1029 2334 ecclesias
1045 2269 1108 2334 sub
1124 2270 1301 2336 interdicto
1315 2272 1440 2357 positas
1455 2274 1613 2357 aperiant,

561 2390 621 2434 nec
651 2391 785 2455 corpora
808 2375 888 2436 tunc
917 2370 1054 2456 sepelire
1076 2377 1285 2458 praesumant.
1333 2373 1385 2438 Ne
1416 2374 1490 2460 quis
1513 2375 1613 2439 inter-

391 2477 550 2557 Ropwend
561 2477 665 2538 ventu
689 2472 837 2559 pecuniae
859 2471 1012 2537 habitum
1043 2473 1212 2560 religionis
1242 2466 1399 2561 usurpare
1426 2482 1614 2562 praesumat,

418 2550 514 2598 ¹¹⁹⁴⁰⁰'
562 2597 622 2640 nco
644 2596 821 2640 conversus
844 2575 1009 2662 peculium
1041 2575 1170 2655 habeat,
1194 2598 1254 2642 nec
1281 2577 1361 2643 facti
1384 2577 1522 2665 praelati,
1545 2600 1613 2643 non

560 2678 625 2742 nisi
660 2698 719 2764 pro
749 2677 989 2763 dilapidatione
1020 2677 1072 2743 vel
1103 2678 1345 2745 incontinentia
1384 2680 1613 2767 degradentur.

562 2781 615 2847 Ne
639 2779 821 2847 Christiani
852 2780 1041 2846 Sarracenis
1071 2803 1163 2854 anna
1193 2782 1350 2860 vendant,
1373 2804 1434 2848 nec
1456 2784 1614 2869 patienti·

560 2884 623 2949 bus
644 2883 855 2971 naufragium
879 2883 1053 2970 quisquam
1075 2883 1232 2969 injuriam
1255 2883 1365 2961 faciat,
1387 2885 1440 2951 vel
1463 2907 1518 2951 eos
1541 2908 1615 2973 spo-

561 2987 640 3054 liare
663 2992 852 3074 presumat.
899 2985 951 3053 Ut
971 2986 1079 3052 clerici
1102 2986 1188 3051 infra
1211 3008 1319 3054 sacros
1342 2986 1472 3053 ordines
1494 2989 1615 3054 consti-

561 3092 630 3157 tuti
662 3091 873 3156 continenter
904 3090 1032 3170 vivant,
1064 3095 1099 3156 et
1129 3089 1156 3155 si
1190 3091 1226 3155 in
1258 3090 1317 3155 illa
1348 3091 1615 3172 incontinentia,³

561 3215 635 3280 quse.
670 3199 783 3258 contra
810 3198 964 3259 naturam
995 3194 1047 3272 sit,
1079 3193 1273 3280 deprehensi
1308 3194 1432 3259 fuerint
1456 3194 1613 3274 laborare,

561 3295 897 3373 excommunicentur,
928 3301 962 3361 et
992 3318 1012 3359 a
1042 3296 1129 3360 clero
1159 3294 1382 3381 abjiciantur.⁴
1428 3295 1480 3362 Ut
1509 3298 1614 3362 archi-

561 3398 703 3485 episcopi
726 3397 914 3484 parrochias
936 3397 990 3461 vel
1012 3397 1162 3462 ecclesias
1184 3397 1368 3479 visitantes,
1393 3399 1615 3486 quadraginta

562 3499 615 3564 vel
638 3498 882 3584 quinquaginta
904 3519 1063 3583 equorum
1089 3519 1226 3564 numero
1256 3499 1325 3563 sint
1348 3500 1517 3579 contenti;
1547 3501 1614 3586 epi-

563 3602 661 3687 scopi,
691 3601 811 3687 viginti
844 3600 896 3665 vel
927 3600 1089 3686 trigirrta3
1122 3600 1231 3686 legati,
1256 3599 1377 3687 viginti
1403 3601 1457 3666 vel
1492 3600 1613 3681 xxtiv.;

563 3703 795 3782 archidiaconi,
818 3725 848 3767 v.
871 3703 925 3767 vel
947 3702 1026 3783 vii3
1057 3701 1182 3780 decani,
1210 3701 1374 3767 duarum⁵
1405 3703 1612 3768 evectionum

564 3827 737 3871 numerum
760 3827 825 3869 nou
853 3804 1022 3870 excedant.
1069 3804 1122 3870 Ut
1140 3804 1250 3869 nullus
1274 3810 1501 3870 torneamenta
1523 3827 1614 3870 exer·

563 3909 659 3985 ceat,⁶
693 3913 728 3973 et
762 3908 885 3972 mortui
919 3908 955 3971 in
991 3907 1228 3973 torneamentis
1259 3906 1450 3972 Christiana
1480 3913 1614 3972 careant

565 4012 739 4099 sepultum.
788 4010 883 4090 Quod
907 4008 1136 4095 unaquaeque⁷
1159 4009 1355 4075 cathedralis
1385 4009 1519 4074 ecclesia
1546 4032 1613 4075 mu·

564 4115 705 4201 gistrum
729 4112 858 4190 habeat,
882 4112 940 4197 qui
970 4133 1128 4198 pauperes
1158 4112 1298 4178 scolares
1320 4116 1354 4177 et
1384 4112 1466 4176 alios
1489 4112 1613 4190 doceat,

565 4238 624 4282 uec
654 4237 714 4302 pro
745 4214 879 4280 licentia
908 4214 1048 4280 docendi
1077 4214 1197 4301 aliquis
1227 4216 1370 4301 pretium
1393 4215 1516 4302 exigat.
1563 4215 1614 4280 Ut

564 4319 694 4407 praelati
727 4340 827 4384 unam
857 4322 991 4383 tanturn
1022 4322 1140 4405 regant
1170 4318 1348 4399 ecclesiam,
1380 4322 1415 4382 et
1441 4318 1529 4404 quod
1555 4340 1614 4404 pa·

599 4585 606 4615 ¹
619 4581 777 4647 scismaticis]
797 4581 942 4637 dometicis,
954 4580 1011 4631 MS.
1148 4576 1333 4643 ‘aljis-icatur]
1353 4576 1503 4633 abiciantur.
1516 4578 1572 4627 MS.

598 4663 681 4728 πηἱςὲ]
697 4660 1066 4726 (rm.A.c.pr.nan.‚D.‚ndd.
1148 4657 1286 4722 θάψαντι]
1306 4657 1344 4707 At
1364 4657 1417 4706 first
1437 4658 1537 4707 written
1556 4656 1616 4706 duo·

566 4744 616 4793 aad
628 4745 666 4792 ed.
675 4742 776 4799 Wend„
785 4742 830 4790 but
842 4741 864 4789 is
876 4740 903 4789 in
916 4740 957 4790 W.
971 4740 982 4788 l
1026 4739 1066 4790 Cf.
1115 4755 1175 4787 ram.

567 4824 666 4876 Ilicem.
678 4821 725 4871 col.
739 4826 795 4871 603.
1145 4819 1156 4847 ‘
1169 4815 1293 4880 exercear]
1313 4821 1452 4874 excerceret,
1463 4815 1519 4864 MS.

599 4900 806 4965 ³irrcoulhrcmio]
837 4898 1001 4957 continentis,
1025 4897 1066 4946 w.
1148 4896 1332 4961 ²uurrqucqrr]
1364 4910 1520 4959 unaquaque.
1549 4894 1615 4953 MS..

567 4982 600 5030 A.
613 4981 642 5031 C.
656 4980 749 5035 D..but
758 4978 855 5042 falsely.
881 4980 930 5027 Sec
942 4978 1067 5036 llarduin,
1114 4978 1164 5026 and
1174 4975 1215 5024 w.
1229 4977 1262 5024 Α.
1276 4974 1305 5024 (ἲ.
1320 4975 1350 5025 l).
1367 4975 1386 5023 l.

567 5070 625 5110 torn.
639 5059 672 5108 ri.
686 5064 708 5107 2.
721 5058 768 5109 col.
785 5061 854 5107 1678.
