4442 6392
666 1175 711 1223 nn
733 1173 893 1223 rnsrronn
916 1172 1016 1222 nnsis
1040 1170 1196 1229 saunier,
1219 1170 1285 1219 viz.
1312 1168 1471 1218 sanium.
1531 1153 1596 1217 415

591 1437 641 1502 De
667 1432 777 1503 libello
801 1434 930 1500 (illatis
952 1433 1120 1514 Jourltina
1143 1455 1242 1521 quent
1266 1434 1405 1522 scripsit
1429 1441 1548 1501 ronna
1611 1450 1680 1502 nn.
1694 1452 1766 1505 1179.

859 1538 1003 1603 Petrnnn
1029 1536 1278 1605 anlnnrlnnn

372 1688 533 1768 Ropwenu.
590 1673 730 1761 Scripsit
753 1672 854 1738 etiam
877 1673 998 1738 eisdem
1022 1672 1140 1738 diebus
1163 1678 1278 1738 contra
1301 1674 1442 1738 eundem
1460 1673 1596 1738 Petrum
1610 1675 1734 1755 Workpf

406 1770 433 1805 ¹¹·
447 1761 505 1806 ⁴⁰¹·
546 1775 774 1841 Lumbardum
797 1776 900 1841 abbas
915 1775 1066 1841 Joaeliinr
1088 1776 1252 1842 Florensis
1274 1776 1415 1842 coenobii
1439 1775 1596 1853 libellum,
1610 1743 1741 1860 ffgssffl'

544 1900 666 1944 vocans
699 1899 775 1942 eum
806 1877 998 1944 haereticum
1028 1884 1063 1944 et
1093 1879 1257 1959 insa-num,
1281 1901 1320 1945 eo
1343 1879 1432 1965 quod
1454 1878 1489 1942 in
1511 1879 1596 1943 libro
1610 1877 1680 1955 Ποῖ»

544 1981 802 2057 Sententiarum,
827 2002 923 2066 quern
948 1987 1183 2067 composuerat,
1207 1982 1294 2047 idem
1318 1981 1436 2047 Petrus
1460 1981 1501 2046 de
1523 1982 1597 2045 uni-
1610 1952 1765 2061 lgelffiffim.

543 2089 613 2150 tate
636 2085 707 2148 sive
728 2084 871 2148 essentia
897 2082 1071 2148 Trinitatis
1097 2084 1194 2162 dixit,
1219 2084 1415 2164 “Quoniam
1446 2084 1596 2170 quadam
1611 2078 1680 2127 barn.

544 2208 672 2253 sumina
694 2207 745 2250 res
768 2191 827 2266 est,
852 2186 953 2251 Pater
975 2192 1010 2251 et
1034 2186 1140 2252 Filius
1163 2192 1197 2251 et
1221 2187 1366 2274 Spiritus
1389 2185 1540 2266 Sanetus
1564 2193 1598 2251 et

374 2308 532 2372 Rogn'enu.
545 2290 602 2354 illa
632 2311 700 2354 non
730 2294 782 2354 est
811 2310 981 2375 generans,
1013 2310 1119 2374 neque
1149 2290 1271 2376 genita,
1304 2311 1363 2354 nec
1394 2289 1598 2375 procedens.''

419 2378 445 2425 n.
458 2380 515 2427 ⁴⁰⁹·
546 2392 672 2457 Contra
689 2391 775 2456 lianc
792 2391 1007 2456 assertionem
1026 2392 1180 2477 opposuit
1203 2391 1304 2456 abbas
1327 2391 1492 2478 praefatus,
1510 2391 1599 2478 quod

546 2516 613 2561 non
635 2500 705 2560 tam
729 2495 916 2559 trinitatem
942 2494 1112 2559 astruebat
1147 2494 1183 2558 in
1214 2494 1285 2560 Deo
1308 2516 1407 2579 quam
1431 2494 1598 2579 quaterni·

547 2603 660 2676 tatem,
699 2602 767 2662 tres
805 2596 960 2662 videlicet
998 2618 1153 2684 personas
1192 2601 1226 2662 et
1268 2597 1358 2661 illarn
1394 2619 1598 2663 communem

546 2699 719 2765 essentiam
755 2699 850 2784 quasi
881 2703 1033 2784 quartum
1064 2698 1240 2765 manifeste
1268 2704 1478 2786 protestu-ns;
1509 2700 1598 2787 quod

546 2802 639 2867 nulle
672 2824 724 2865 res
758 2805 809 2867 est
843 2823 917 2887 quae
951 2801 996 2868 sit
1032 2802 1132 2868 Pater
1166 2806 1201 2867 et
1238 2802 1344 2867 Filius
1380 2810 1415 2868 et
1452 2803 1599 2891 Spiritus

547 2904 696 2983 Sanetus,
716 2926 775 2969 neo
793 2906 945 2984 essentia,
962 2926 1021 2970 nec
1040 2905 1236 2981 substantia,
1251 2927 1312 2972 nec
1331 2911 1460 2987 natura,
1484 2928 1598 2991 quam·

546 3009 598 3073 vis
620 3009 786 3087 concedat,
803 3008 893 3093 quod
917 3006 1018 3074 Pater
1040 3015 1075 3074 et
1098 3009 1205 3073 Filius
1226 3014 1260 3075 et
1285 3008 1432 3095 Spiritus
1456 3008 1598 3075 Sanctus

545 3117 624 3175 sunt
651 3133 718 3175 una
741 3111 892 3191 essentia,
917 3134 984 3176 arna
1006 3112 1204 3189 substantia,
1227 3117 1262 3177 et
1286 3134 1354 3177 una
1376 3118 1504 3178 natura.
1552 3112 1598 3178 Et

546 3214 631 3278 hane
653 3235 748 3277 suam
780 3214 994 3278 assertionem
1034 3216 1120 3280 idern
1159 3214 1313 3280 Jooehim
1344 3214 1409 3280 hiis
1441 3238 1516 3300 qum
1549 3238 1597 3279 se-

546 3322 695 3403 qunntur
717 3316 973 3381 auctoritatibus
1000 3316 1153 3398 affirmat,
1178 3318 1283 3381 “Tres
1310 3323 1389 3384 sunt
1423 3319 1481 3404 qui
1504 3319 1596 3383 testi-

546 3420 694 3483 monium
729 3418 812 3482 dant
844 3418 880 3481 in
917 3418 1008 3493 coel0,
1044 3418 1151 3497 Pater,
1187 3419 1342 3497 Verbum,
1377 3424 1411 3484 et
1453 3419 1597 3505 Spiritus

547 3520 696 3595 Sanctus,
720 3525 754 3585 et
776 3518 825 3582 hii
848 3523 915 3583 tres
937 3540 1041 3583 unum
1065 3524 1165 3598 sunt3
1195 3524 1230 3584 et
1257 3525 1324 3584 tres
1347 3527 1426 3584 sunt
1453 3522 1510 3607 qui
1532 3527 1597 3586 tos-

546 3623 723 3686 timonium
747 3622 830 3685 dant
854 3621 888 3684 in
917 3626 1014 3695 terra,
1039 3621 1187 3707 spiritus,
1210 3643 1305 3706 aqua,
1337 3628 1371 3686 et
1402 3625 1544 3708 sanguia
1567 3630 1602 3688 et

549 3724 595 3788 nii
629 3730 695 3788 tres
729 3744 833 3788 urium
867 3721 996 3787 sunt.¹'¹
1046 3724 1143 3803 Item,
1167 3731 1185 3759 “
1199 3723 1292 3801 Volo,
1326 3722 1434 3799 Pater,
1458 3730 1497 3789 nt
1532 3725 1602 3790 sint

549 3848 651 3891 unuin
683 3827 717 3889 in
747 3825 853 3904 nobis,
884 3823 969 3889 sieut
999 3830 1033 3890 et
1064 3847 1124 3889 nos
1153 3846 1259 3889 unum
1291 3823 1454 3891 sumus.'’⁹
1501 3826 1602 3891 Unde

548 3930 689 4005 videtur,
723 3928 810 4013 qnod
841 3927 1036 4014 saepedictus
1069 3927 1107 4013 [J
1109 3924 1279 4013 ‹iachimp
1309 3926 1497 4012 lmjusnrodi
1528 3931 1600 3993 nni-

548 4037 653 4096 tatem
678 4053 745 4096 non
775 4052 888 4095 reram
920 4035 954 4094 et
984 4030 1161 4116 propriam,
1185 4030 1242 4094 sed
1273 4031 1366 4116 quusi
1398 4030 1598 4096 collectivam

548 4142 582 4199 et
602 4134 907 4199 similitudinariam
931 4154 1000 4198 esse
1023 4132 1179 4213 laetentur,
1203 4132 1480 4220 quemadmodum
1503 4135 1600 4200 inulti

549 4239 698 4304 homines
719 4260 805 4303 unus
827 4238 976 4325 populus.

616 4471 714 4557 Quod
736 4493 830 4563 priapo
852 4468 1081 4539 Innocentius
1104 4470 1181 4536 ΙΙΙ.
1206 4469 1357 4537 lilnllnrn
1380 4468 1539 4537 Jaalna

968 4572 1180 4659 ‹larnpncrrit

379 4724 537 4789 Roaweau.
595 4715 700 4780 Stetit
723 4718 834 4780 nartem
857 4713 927 4781 liaeo
949 4712 1210 4778 indeterminato
1240 4711 1411 4778 altercatio
1443 4733 1463 4775 a.
1486 4713 1602 4779 diebus
1614 4719 1670 4769 The
1681 4722 1751 4771 work

406 4794 432 4842 ii.
446 4800 502 4843 ⁴⁰²·
551 4818 733 4882 Alexandri
769 4839 863 4903 papie
897 4838 999 4901 usque
1037 4815 1080 4880 nd
1121 4821 1271 4902 tempora
1310 4815 1497 4881 J¹¹¹¹⁰⁰⁰¹¹lll
1537 4818 1552 4881 J
1558 4816 1600 4882 H·
1613 4787 1769 4905 llliiilii

1361 4965 1368 4969 .
1380 4964 1536 4972 ..η’-..ι
1547 4966 1573 4973 .-.

585 5039 591 5067 ¹
607 5039 651 5101 llp.
664 5039 724 5087 Joh.
738 5054 761 5085 v.
778 5042 800 5087 7.
811 5046 833 5087 8.
1132 5035 1282 5101 ³.lrrrrlrirrr]
1297 5038 1418 5101 Supplled
1430 5038 1495 5087 stom
1507 5039 1548 5087 W.
1567 5040 1599 5088 A.

584 5117 666 5166 ²Joh.
680 5117 742 5166 xvii.
757 5123 795 5164 22.
1099 5116 1128 5167 (l.
1143 5117 1172 5165 ll.
