4442 6392
694 1147 736 1211 38
772 1195 775 1203 .
814 1153 982 1206 ulmum
1005 1151 1219 1203 rsanrnusu
1241 1152 1402 1203 msronn
1423 1154 1624 1209 maranum

525 1359 594 1411 nl).
607 1365 678 1410 roso.
696 1344 817 1409 absens
841 1342 958 1417 fuerat,
981 1339 1062 1404 adeo
1086 1343 1229 1415 strenue,
1251 1337 1333 1402 adeo
1354 1337 1485 1424 pacifice
1507 1340 1688 1406 custodivit
1711 1349 1765 1408 et.

695 1447 794 1523 rexit,
830 1450 870 1509 ut
903 1444 991 1508 inter
1024 1441 1146 1506 milites
1183 1461 1250 1526 pax
1282 1438 1434 1506 floreret¹
1468 1445 1502 1506 et
1531 1442 1676 1528 justitia,
1710 1451 1765 1510 ct.

673 1550 783 1613 ‘inter
804 1546 959 1635 praelatos
981 1551 1016 1610 ct
1038 1544 1169 1610 clericos
1191 1543 1345 1608 honestas
1375 1548 1409 1608 et
1431 1543 1546 1631 religio
1572 1546 1654 1610 felix
1677 1569 1765 1612 sus.

693 1653 841 1740 ciperent
862 1650 1110 1720 incrementum
1155 1646 1303 1713 Ieotioni
1325 1646 1504 1734 vigilanter
1535 1653 1570 1713 et
1603 1651 1766 1716 orationi·

691 1753 895 1832 intendebat,
926 1753 1015 1819 unde
1048 1750 1150 1816 libros
1175 1749 1350 1814 nonnullos
1382 1754 1453 1814 tam
1485 1750 1616 1816 Veteris
1647 1775 1748 1839 quam

692 1857 783 1922 Novi
806 1853 1019 1934 Testamenti,
1042 1853 1239 1939 scriptomm
1264 1851 1455 1940 ignorantia
1476 1858 1655 1939 corruptos,
1678 1876 1748 1921 cor·

691 1959 801 2040 rexit3
824 1958 917 2043 cujus
931 1954 1173 2023 emendationis
1194 1953 1267 2020 luce
1288 1954 1473 2042 Anglorum
1488 1962 1523 2020 et
1545 1955 1748 2024 Francorum

692 2062 827 2129 ecclesia
870 2083 905 2126 se
942 2059 1067 2148 gaudet
1103 2057 1272 2123 illustrari.
1332 2057 1451 2135 Mores,
1489 2057 1650 2137 habitum,
1687 2068 1768 2127 aut.

691 2170 824 2254 gestum
861 2162 1090 2238 monasticum,
1129 2165 1263 2247 propter
1294 2160 1515 2247 pontificalem
1537 2161 1768 2248 dignitatem.

692 2288 753 2332 nec
796 2264 834 2330 in
871 2265 1008 2330 minimo
1045 2261 1259 2350 permutavit
1319 2261 1503 2350 Nunquam
1545 2263 1766 2332 humilitatis.

692 2373 799 2436 metas
828 2372 962 2455 propter
992 2367 1177 2432 literatura
1205 2363 1421 2430 eminentiam
1443 2365 1767 2435 manifestemus.

692 2492 823 2561 gressus
845 2476 905 2549 est,
927 2470 993 2536 nisi
1015 2470 1053 2535 in
1075 2467 1282 2555 depositione
1303 2467 1395 2534 beati
1415 2466 1582 2546 Wlstsni,2
1604 2471 1767 2558 episcopi.

693 2573 940 2662 wigorniensis.
994 2571 1091 2652 Quod
1124 2576 1237 2636 tamen
1269 2570 1333 2637 Dei
1366 2570 1577 2657 providentia
1605 2572 1654 2638 sic
1674 2574 1766 2640 fieri.

695 2678 852 2767 permisit,
878 2683 917 2742 ut
951 2676 997 2740 sic
1028 2675 1153 2741 scilicet
1185 2674 1291 2739 sancti
1313 2673 1378 2738 viri
1407 2674 1566 2760 simplicis
1588 2676 1767 2742 sanctitas.

523 2799 628 2868 nistory
641 2803 672 2852 os
696 2785 877 2869 patesceret
899 2783 1058 2858 serenata,
1088 2777 1175 2841 sicut
1204 2776 1241 2840 in
1273 2776 1426 2841 Historia
1456 2775 1497 2840 de
1530 2777 1602 2863 ipso
1633 2786 1766 2846 sancto.

525 2868 683 2920 ⁸·W¹¹¹⁸¹⁸¹¹·
696 2883 818 2968 scripta
840 2878 1009 2947 deolarat⁸
1031 2879 1211 2945 manifeste.

698 3146 887 3215 Willelarare
908 3145 1085 3215 saeuas
1101 3145 1179 3233 joon
1199 3143 1240 3211 de
1261 3164 1334 3231 repe
1353 3143 1470 3232 factos
1491 3151 1538 3211 est
1560 3143 1749 3214 tc’rannas.⁴

630 3351 648 3401 y
738 3310 904 3376 Defuncto
940 3308 1044 3397 igitur
1080 3307 1144 3394 pise
1181 3305 1347 3372 memoriae
1377 3305 1618 3393 archiepiscopo
1650 3308 1747 3373 Lam-
1777 3317 1892 3385 οἰκος.

522 3403 674 3521 plwillism
692 3415 815 3492 franco,
836 3435 897 3478 rex
923 3410 1109 3477 Willelmus
1132 3410 1179 3477 II.
1197 3409 1269 3496 jam
1292 3409 1356 3474 sibi
1378 3409 1470 3475 visus
1495 3410 1571 3475 est⁶
1594 3412 1683 3476 solus
1709 3413 1765 3479 in.
1791 3383 1883 3504 im&

693 3521 817 3609 Anglia
846 3540 990 3607 regnare,
1014 3540 1055 3584 ex
1078 3539 1144 3604 quo
1168 3512 1394 3582 Lanfiancus⁰
1427 3516 1571 3603 impetus
1593 3518 1645 3582 sui
1676 3519 1765 3585 lora.

692 3646 761 3690 non
786 3622 936 3689 retraxit.
990 3620 1193 3686 Monasteria
1218 3620 1322 3706 igitur
1346 3621 1413 3685 fere
1435 3619 1540 3684 totius
1554 3621 1687 3707 Angliae
1709 3623 1746 3687 in

691 3747 794 3793 manu
808 3747 868 3791 sua
890 3723 1076 3812 pastoribus
1092 3723 1159 3789 suis
1173 3723 1314 3789 viduata
1335 3724 1431 3809 cepit,
1455 3728 1490 3787 et
1511 3744 1662 3809 perverse
1684 3725 1765 3791 hoc.

691 3835 825 3902 nomine
847 3855 968 3914 mmo,
984 3833 1020 3897 id
1043 3835 1101 3909 est,
1117 3829 1319 3918 protectione
1334 3834 1369 3894 et
1389 3828 1576 3895 defensione
1597 3829 1765 3913 abutens„

692 3938 802 4006 omnia
838 3937 934 4026 gravi
972 3933 1226 4022 depopulatione
1263 3933 1428 4010 vastabat,
1465 3937 1499 3998 et
1536 3933 1580 3998 ad
1616 3933 1745 3999 firmam

692 4042 784 4107 dune
807 4038 1050 4107 conditionibus
1072 4034 1331 4103 commendabat.
1368 4035 1420 4101 Ut
1442 4035 1530 4122 quod
1552 4058 1611 4101 rex
1635 4037 1765 4104 omisit.

691 4144 857 4222 abradere,
877 4142 935 4208 alii
957 4140 1165 4207 excoriarent
1176 4166 1185 4222 ;
1207 4144 1240 4204 et
1263 4160 1344 4226 quos
1366 4160 1426 4204 rex
1445 4139 1556 4204 omisit
1571 4141 1766 4220 excoriare,;

694 4248 752 4314 alii
763 4245 1066 4312 immisericorditer
1080 4245 1301 4309 eviscerarent
1314 4268 1322 4324 ;
1336 4263 1403 4308 non
1418 4241 1563 4307 recolens
1577 4243 1765 4328 scriptum.

694 4353 848 4421 “Omnia
869 4356 948 4416 sunt
970 4348 1127 4436 principis
1149 4346 1302 4425 tuitione,
1325 4368 1393 4412 non
1416 4345 1715 4434 depopulatione.’'⁷
1758 4383 1767 4400 ·

726 4635 734 4665 ¹
738 4633 858 4699 floreret]
878 4634 916 4683 At
932 4633 987 4683 first
998 4632 1099 4682 written
1107 4631 1196 4696 flora,
1247 4633 1331 4677 tamen
1343 4644 1446 4693 gravem
1463 4637 1549 4692 postes
1565 4632 1660 4697 peregit
1673 4631 1747 4683 Iam·

692 4717 813 4764 butcorr.
1245 4707 1345 4758 francus
1356 4709 1556 4772 poenitentiam.”
1581 4712 1679 4762 oms.

727 4831 873 4897 2utam]
894 4832 1020 4892 wistane,
1032 4833 1089 4882 us,
1277 4789 1543 4933 :Z‘Jmffflffil’
1555 4790 1611 4842 MS·

728 4946 873 5012 Μασίστα]
887 4946 936 4996 We
946 4945 1197 4997 shouldreaddecla-
1276 4950 1343 5011 ‘quo
1355 4908 1530 5016 lanfrancus]
1546 4951 1745 5004 Onanerasure.

697 5035 775 5086 ratur,
795 5042 824 5076 or
843 5025 905 5076 omit
926 5028 951 5075 in
971 5027 1056 5076 before
1072 5025 1196 5080 Historia,
1277 5031 1344 5076 ⁷aon
1363 5066 1368 5077 .
1386 5065 1392 5078 .
1414 5027 1631 5096 apopulatione]
1653 5032 1747 5083 Added

699 5107 729 5157 ln
741 5106 784 5158 the
792 5105 892 5171 margin
904 5106 926 5156 is
935 5106 994 5156 herc
1004 5107 1096 5157 added:
1107 5111 1124 5134 ‘⁵'
1134 5106 1197 5157 Inde
1242 5107 1269 5155 in
1281 5122 1360 5172 marg.
1395 5108 1452 5159 0m.
1464 5109 1494 5159 F.
