4442 6392
637 1161 678 1225 12
755 1170 921 1221 surram
945 1169 1158 1220 mmsrnrsm
1181 1169 1343 1219 msronm
1365 1168 1564 1220 nrononma

465 1361 534 1413 nl).
552 1366 621 1413 ¹⁰⁶⁹·
635 1358 966 1425 westmonasterium
1004 1358 1123 1423 ductus
1160 1362 1220 1433 est,
1254 1356 1316 1422 sub
1353 1355 1507 1421 carcerali
1537 1355 1687 1420 custodia

465 1468 581 1546 Exileqf
635 1460 867 1528 detrudendus
911 1458 957 1524 Et
986 1463 1109 1545 postea,
1139 1480 1249 1524 mense
1275 1457 1449 1546 Augusto,l
1481 1457 1584 1523 frater
1615 1457 1686 1543 ejus

412 1660 415 1665 Ι
465 1536 606 1665 {53¹2}
635 1564 848 1652 Egeluuinus,
886 1561 1033 1646 ejusdem
1079 1562 1142 1627 loci
1180 1561 1288 1626 factus
1330 1562 1507 1648 episcopus,
1545 1560 1612 1626 fuit
1648 1560 1686 1625 in

465 1669 587 1720 nursam.
635 1666 871 1734 exterminium
901 1664 1074 1752 relegatus.
1121 1664 1248 1729 Eodem
1271 1685 1351 1730 vero
1380 1685 1477 1742 anno,
1500 1663 1590 1729 inter
1619 1662 1685 1728 duo

465 1784 611 1836 Arrivalof
630 1770 719 1836 festa
752 1769 859 1835 beatae
890 1767 1006 1834 Marisa
1035 1769 1073 1833 in
1107 1773 1302 1854 autumpno,
1332 1775 1498 1834 venerunt
1528 1768 1593 1833 duo
1622 1768 1686 1833 filii

465 1852 614 1970 ἓξὲξ
636 1873 740 1939 Sanni
762 1878 798 1939 ct
820 1872 923 1938 frater
945 1870 1016 1955 ejus
1039 1871 1206 1937 Osbernus
1228 1872 1270 1936 de
1291 1893 1394 1958 regno
1416 1871 1587 1936 Danorum
1610 1894 1685 1937 cnm

465 1985 594 2067 expdnng
634 1975 811 2064 engonibns
833 1975 992 2041 trecentis
1020 1974 1058 2039 in
1089 1974 1255 2062 Angliam,
1279 1979 1319 2039 ut
1347 1997 1458 2062 regern
1479 1974 1685 2040 Willelmum

465 2055 586 2109 ΨΜ·
631 2079 674 2145 ab
695 2078 820 2166 Anglia
842 2076 1070 2143 exturbarent.
1118 2075 1266 2156 Quorum
1290 2077 1455 2142 adventus
1476 2097 1550 2142 cum
1574 2076 1683 2141 divul-

631 2187 730 2269 gatus
763 2180 888 2260 fiiisset,
921 2181 1076 2245 exierunt
1105 2180 1152 2245 eis
1183 2179 1317 2245 obviam
1348 2179 1384 2242 in
1415 2200 1495 2265 pace
1530 2178 1683 2267 Edgarus

632 2283 799 2370 Etheling,
833 2283 923 2348 filins
953 2282 1120 2361 Edwardi,
1152 2287 1187 2348 et
1216 2282 1425 2348 Waltheofus
1458 2304 1574 2364 comes,
1608 2305 1682 2349 cum

632 2387 746 2453 multis
785 2386 919 2452 milibus
956 2389 1170 2465 armatorum,
1208 2385 1378 2473 cupientes
1415 2407 1527 2451 eorum
1558 2385 1683 2450 auxilio

632 2512 742 2579 regem
764 2489 968 2555 Willelrnnm
999 2510 1124 2576 capere,
1146 2488 1202 2554 vel
1225 2488 1345 2554 carceri
1371 2493 1530 2576 perpetuo
1560 2489 1684 2553 manci-

631 2615 718 2681 pare.
770 2594 871 2671 Tunc,
908 2593 1031 2659 foedere
1075 2592 1276 2670 confirmato,
1310 2591 1437 2678 junctis
1474 2591 1601 2656 viribus
1640 2591 1684 2655 nd

633 2697 817 2764 Eboracum
853 2697 1032 2774 venientes,
1064 2695 1181 2761 urbem
1214 2717 1289 2761 curn
1321 2696 1455 2761 castello
1486 2695 1683 2780 quantocius

632 2806 839 2888 occuparunt,
863 2805 898 2866 et
924 2799 1028 2864 multu
1057 2798 1181 2863 ibidem
1214 2797 1387 2864 hominum
1416 2798 1508 2863 milia
1541 2819 1683 2884 pereme-

632 2909 731 2984 runt3
761 2902 964 2988 majoresque
986 2901 1079 2968 urbis
1101 2904 1136 2967 et
1157 2901 1337 2988 provinciae
1359 2899 1500 2965 vinculis
1522 2900 1682 2965 constrin-

631 3010 745 3094 gentes
767 3006 974 3091 torquebant,
990 3011 1024 3070 et
1044 3003 1087 3069 ab
1108 3003 1155 3069 eis
1176 3026 1305 3070 omnem
1325 3025 1439 3069 eorum
1459 3003 1701 3068 substantiam.

630 3109 846 3174 abstulerunt.
893 3107 1040 3172 Tandem
1068 3106 1118 3172 ibi
1148 3107 1237 3172 inter
1268 3107 1333 3171 duo
1363 3105 1503 3173 flumina
1533 3106 1850 3203 Vmamssnog3umd.

632 3216 667 3277 et
690 3210 810 3276 Trente
831 3209 1024 3289 hiemantes,
1048 3230 1163 3275 omnes
1191 3210 1333 3296 regionis
1362 3209 1484 3274 incolas
1507 3208 1679 3273 immiseri-
1741 3197 1767 3233 ¹¹·
1782 3205 1804 3236 ⁴·

632 3313 775 3380 corditer
813 3312 1029 3390 trucidarunt,
1072 3313 1126 3377 vel
1162 3312 1206 3377 ad
1248 3312 1451 3378 deditionem
1494 3317 1700 3399 coegerunt..

463 3423 594 3474 Deraso(
634 3415 701 3482 Sed
723 3415 917 3493 Willelmus,
939 3414 1046 3480 hieme
1075 3420 1272 3489 transcursa,
1296 3438 1370 3480 cum
1400 3415 1547 3479 maxima
1576 3437 1682 3480 arma·

461 3489 621 3621 ffifflh
634 3524 743 3585 torum
782 3518 875 3606 copia
906 3516 1147 3604 superveniens,
1182 3518 1334 3583 fortiores
1371 3517 1517 3582 hostiurn
1550 3517 1682 3605 fugavit

461 3622 619 3691 nywilliam.
633 3628 692 3688 aut
722 3621 817 3709 cepit,
847 3622 989 3686 minores
1019 3626 1131 3686 autem
1161 3620 1352 3688 tlucidavit
1397 3621 1488 3686 Tunc
1520 3620 1680 3708 Edgarus,

631 3726 709 3792 licet
738 3724 809 3812 ipse
839 3746 913 3789 cum
950 3722 1070 3789 comite
1103 3723 1265 3790 Walteofo
1303 3723 1559 3789 innumerabiles
1596 3723 1698 3789 Nor.

631 3850 769 3893 mannos
806 3826 1029 3914 peremissent,
1064 3826 1108 3892 ad
1146 3849 1256 3913 regem
1294 3826 1497 3892 Willelmum
1533 3828 1698 3908 veniens„

629 3930 717 3999 etei
740 3929 934 3995 humiliatus
956 3952 1070 4016 pacem
1093 3929 1287 4016 impetravit
1311 3937 1346 3995 et
1368 3929 1474 3995 eidem
1500 3929 1578 3995 fecit
1599 3930 1699 3996 fide.

629 4035 767 4100 litatem.
822 4032 905 4099 Erat
934 4033 1023 4098 enim
1053 4055 1114 4098 rex
1144 4031 1327 4098 Willelmus
1363 4032 1574 4120 deprecabilis
1603 4039 1698 4120 post·

630 4136 810 4204 victoriam.

787 4423 838 4489 De
860 4443 950 4490 amca
974 4420 1132 4487 cervitate
1155 4419 1293 4487 mosia
1308 4421 1521 4509 Attalicum.

463 4604 533 4656 nl).
548 4609 620 4658 loro.
686 4585 785 4648 Anno
816 4582 950 4647 Domini
982 4595 1128 4647 M⁰.Lxx⁰.
1163 4603 1223 4646 rex
1260 4581 1483 4671 W[illelmus]‚
1518 4585 1679 4654 diabolico
1691 4597 1848 4662 nocturno.

461 4688 606 4807 pponptpp
634 4687 798 4754 excitatus
820 4685 948 4772 spiritu,
964 4684 1018 4750 vel
1041 4684 1202 4749 malorum
1217 4685 1388 4752 hominum
1412 4688 1547 4755 consilio
1561 4689 1699 4758 fascin.
1740 4664 1768 4715 ii.
1781 4669 1805 4717 ⁷·

636 4859 936 4870 ...-—-——·———..-
946 4859 969 4865 .-
988 4860 995 4865 .
1007 4861 1011 4865 ,
1027 4859 1041 4864 ..
1052 4859 1077 4865 .-
1088 4858 1187 4865 .μω-ω-
1196 4858 1215 4864 --
1225 4859 1398 4868 .-..-.—..—
1436 4864 1445 4868 -
1457 4865 1500 4869 ,,-
1512 4866 1587 4870 .-.-.-..
1598 4866 1631 4872 ..⁸
1642 4867 1681 4872 .--

666 4957 672 4986 ¹
686 4970 763 5004 menae
774 4951 897 5019 Anqnsto]
917 4952 955 5002 At
966 4952 1021 5002 first
1032 4952 1132 5003 written
1141 4952 1251 5018 nequeo
1260 4970 1345 5015 meuse,
1356 4969 1383 5004 ns
1401 4955 1428 5004 in
1440 4956 1482 5006 W.
1496 4957 1530 5008 A.
1542 4958 1571 5008 C.
1584 4959 1626 5019 1),
1637 4960 1682 5009 but

632 5035 737 5088 marked
749 5042 775 5083 to
786 5035 817 5083 bc
828 5034 983 5096 transposed.

664 5117 674 5147 ²
692 5113 797 5181 Vaanm]
812 5112 908 5174 vunan,
920 5112 989 5174 Ms.;
1008 5113 1095 5175 Unam,
1107 5113 1149 5165 W.
