4442 6392
553 1153 596 1224 74
672 1171 836 1225 nannai
860 1173 1073 1228 susurronem
1096 1178 1260 1230 ammam
1283 1179 1483 1237 morosus

382 1349 450 1404 ΑΙ).
467 1359 539 1407 roos.
550 1347 754 1435 principibus
769 1350 932 1416 manubiis
947 1353 1100 1418 omnibus
1122 1353 1156 1417 in
1173 1354 1295 1423 eisdem
1310 1355 1467 1424 inventis.
1507 1359 1604 1440 Quod

548 1451 745 1536 quibusdam
761 1458 873 1518 tamen
889 1475 930 1519 ex
945 1454 1113 1520 nobilibus
1128 1456 1226 1524 nimis
1242 1459 1421 1525 videbatur
1442 1462 1604 1548 iniquum,

548 1558 587 1618 ut
608 1554 733 1621 scilicet
762 1556 814 1620 sui
839 1555 1008 1642 sanguinis
1031 1556 1190 1623 effusione
1213 1567 1440 1627 mercarentur
1462 1586 1604 1631 commo·

546 1655 645 1720 dum¹
671 1657 823 1723 alienum.
872 1658 1059 1745 Imperator
1079 1666 1201 1740 autem,
1224 1666 1264 1726 ut
1287 1664 1490 1731 satisfaceret
1512 1689 1601 1754 pere·

543 1758 654 1845 grinio,
671 1759 804 1843 juravit
827 1761 916 1846 quod
940 1762 1022 1848 ipsis
1053 1763 1218 1828 auxilium
1250 1764 1348 1830 fidele
1382 1766 1594 1854 impenderet

544 1865 579 1926 et
612 1862 794 1941 consilium,
818 1864 938 1948 quibus
969 1870 1104 1949 possent
1133 1865 1283 1932 inimicos
1313 1867 1392 1933 fidei
1425 1870 1598 1942 debellare.

544 1963 586 2028 In
610 1964 671 2029 hoo
704 1965 837 2031 tandem
874 1968 1021 2031 omnium
1053 1969 1185 2055 pacifice
1217 1976 1251 2034 et
1280 1978 1453 2058 gratanter
1475 1977 1615 2042 resedit·

543 2068 715 2133 sententia
777 2068 880 2134 Venit
924 2070 1050 2135 interea
1099 2070 1422 2161 Constantinopolim
1468 2079 1597 2144 comitis

543 2171 715 2249 exercitus,
738 2171 796 2255 qui
827 2172 942 2239 statim
977 2172 1018 2237 de
1052 2174 1211 2240 mandato
1243 2177 1346 2262 ipsius
1376 2177 1420 2243 ad
1454 2201 1509 2245 eos
1540 2181 1597 2267 qui

542 2279 774 2359 praecesserant
796 2274 967 2351 transiens,
985 2275 1099 2340 ceteris
1122 2276 1306 2363 legionibus
1320 2285 1370 2344 est
1393 2282 1596 2368 conjunctus.

583 2641 665 2709 Dus
683 2639 718 2708 N
720 2660 974 2707 comannorum
1000 2639 1164 2707 Roberdae
1190 2643 1281 2710 venit
1305 2644 1349 2710 ia
1375 2644 1554 2736 Applicat,

785 2753 1044 2823 valedicturus-²
1060 2755 1240 2844 frutribus
1262 2758 1345 2828 suis.

366 2900 475 3020 §kaeefoif
584 2917 661 2983 Hiis
684 2917 823 3002 deniquo
845 2915 1049 3002 temporibus
1071 2916 1141 2981 dux
1173 2916 1440 2986 Normannorum
1466 2921 1607 2988 Rober-.

365 3036 522 3105 Nomandy,
537 3027 600 3101 tus,
647 3020 806 3106 sanguine
847 3023 882 3083 et
920 3018 1120 3084 strenuitate
1158 3021 1398 3107 magnanimus,
1428 3026 1523 3090 venit
1552 3025 1607 3089 in.

363 3114 485 3236 ffifgn‘g
498 3124 702 3225 wAngliam
733 3120 893 3186 fratribus
916 3120 983 3185 suis
1010 3127 1191 3207 antequam
1214 3125 1478 3212 peregrinaretur
1499 3127 1607 3193 vale.

364 3212 500 3304 solicitpi-
536 3229 691 3303 dicturus,
716 3225 814 3291 simul
841 3230 875 3290 et
897 3223 940 3289 ab
967 3224 1014 3289 eis
1048 3225 1221 3291 consilium
1253 3231 1287 3292 et
1319 3228 1481 3294 auxilium
1512 3252 1605 3296 cum.

362 3305 522 3373 cuniaryaid.
536 3334 649 3399 favore
672 3330 819 3396 fraterno
842 3327 1080 3415 postulaturus.
1127 3328 1234 3409 Quem
1258 3353 1318 3396 rex
1351 3332 1482 3419 Angliae
1506 3333 1604 3398 Wil-.

533 3436 650 3501 lelmus
666 3441 700 3500 et
716 3432 882 3497 Henricus
904 3431 1007 3496 frater
1029 3431 1189 3517 ejuscum
1212 3434 1301 3497 omni
1316 3435 1501 3500 reverentia
1516 3458 1604 3501 sus.

533 3542 696 3625 oeperunt
742 3535 822 3599 Dux
837 3538 949 3599 autem
965 3533 1053 3598 dulci
1068 3533 1230 3618 colloquio
1253 3535 1377 3600 affatur
1397 3542 1583 3624 utrumque,

531 3640 650 3717 dicens,
690 3644 708 3673 “
725 3637 850 3713 Nostis,
881 3635 1000 3700 fratres
1031 3636 1200 3716 carissimi,
1235 3637 1316 3721 quid
1347 3644 1443 3724 pater
1472 3646 1602 3706 noster.

530 3743 722 3820 willelmus,
764 3762 823 3805 rex
858 3739 1042 3826 Anglorum
1083 3739 1285 3825 magnificus,
1330 3741 1425 3806 nobis
1461 3742 1600 3810 dixerit.

529 3847 714 3921 moriturus,
742 3842 896 3908 videlicet
930 3840 1019 3928 quod
1053 3841 1210 3927 Angliam
1244 3840 1333 3907 sibi⁸
1366 3843 1600 3932 subjugasset„

527 3950 646 4015 multos
676 3945 775 4032 hujus
813 3944 906 4031 regni
928 3942 1055 4008 nobiles
1086 3944 1316 4031 multipliciter
1337 3945 1466 4026 afflixit,
1498 3949 1599 4014 veri.

525 4058 630 4120 tatem
652 4054 689 4116 in
711 4048 878 4138 promissis
894 4046 1173 4133 transgrediendo.
1208 4046 1310 4112 Gravi
1335 4050 1438 4136 igitur
1462 4050 1598 4117 ductus.
1640 4047 1643 4050 ’
1671 4046 1673 4051 ’
1713 4044 1715 4048 ’

525 4154 734 4243 poenitentia,
758 4153 794 4216 in
817 4150 972 4216 extremis
994 4149 1078 4212 mihi
1102 4170 1212 4214 coram
1238 4148 1332 4215 vobis
1364 4151 1460 4232 dixit,
1494 4153 1597 4219 ‘Fili

525 4259 580 4338 mi,
605 4256 756 4333 Roberte,
785 4252 864 4318 novi
892 4252 980 4339 quod
1003 4248 1057 4316 vir
1079 4257 1234 4316 strenuus
1264 4258 1310 4333 et,
1326 4252 1498 4320 bellicosus
1524 4255 1596 4334 sis„

524 4360 568 4425 ad
590 4356 872 4424 transfretandum
902 4358 937 4418 et
967 4353 1046 4418 fidei
1077 4353 1189 4420 hostes
1226 4354 1455 4420 debellandum
1495 4357 1594 4443 ydo.

523 4485 625 4542 neus;
658 4459 805 4548 supplico
828 4462 862 4523 et
885 4455 1098 4544 supplicando
1121 4457 1255 4544 impero,
1280 4458 1445 4543 quatinus,
1477 4467 1593 4527 nacta.

523 4566 680 4652 temporis
706 4559 977 4650 opportunitate,⁴
1001 4582 1083 4624 onus
1105 4561 1379 4648 peregrinationis
1416 4565 1592 4652 cmcesig„

523 4675 620 4736 natus
644 4690 702 4753 pro
733 4667 839 4731 salute
869 4670 937 4742 tua,
961 4686 1043 4741 mea,
1066 4664 1271 4751 fratrumque
1295 4667 1593 4748 tuorurn,l1ume·.

557 4971 732 5039 immam]
752 4973 893 5030 comodum,
901 4971 958 5021 MS.
1071 4971 1120 5028 F.;
1146 4970 1192 5019 but
1211 4985 1249 5018 we
1267 4969 1357 5019 should
1372 4971 1496 5037 probably
1513 4974 1572 5024 read

556 5057 566 5086 ²
578 5052 754 5117 odediolurus]
774 5052 960 5110 valedcdturus,
969 5051 1025 5100 MS.
1071 5047 1136 5113 quod
1142 5056 1230 5114 postea
1240 5048 1289 5097 ribi
1299 5048 1422 5115 Anglicm.

555 5133 639 5199 swod
661 5130 776 5197 anquam
792 5129 854 5195 sibi]
875 5131 910 5181 So
927 5130 980 5181 also
1000 5128 1026 5180 in
1105 5129 1319 5195 ‘oppos-turim]
1330 5130 1506 5194 oportunitate,
1514 5131 1570 5185 Ms.
