4442 6392
631 1183 694 1247 126
763 1196 928 1249 usrrsm
952 1199 1164 1254 rssrsrsuus
1188 1206 1350 1261 merosus
1373 1211 1571 1264 succesus.

459 1376 528 1431 Μ).
542 1387 613 1436 roes.
626 1369 775 1436 tualibus
796 1371 1056 1454 delectabilibus,
1080 1375 1280 1447 Christianis
1303 1385 1417 1452 vacuis
1439 1390 1474 1451 et
1496 1386 1582 1453 fame
1607 1410 1700 1456 oon·.

626 1474 730 1540 fectis
757 1473 1003 1562 relinquentem
1041 1480 1292 1568 insequentibus
1329 1495 1365 1555 et
1394 1493 1700 1577 prosternentibus.

625 1578 711 1664 ipsos
734 1577 860 1644 coelesti
882 1582 1030 1648 exercitu
1053 1605 1091 1648 ae
1114 1586 1284 1654 terrestri.¹
1325 1591 1396 1657 Visi
1411 1598 1490 1658 sunt
1512 1596 1646 1683 insuper
1659 1620 1699 1662 a.

625 1681 794 1747 nonnullis
826 1684 935 1771 angeli
969 1685 1007 1750 in
1036 1709 1111 1754 aere
1142 1691 1331 1774 volitantes,
1362 1703 1396 1763 et
1428 1719 1527 1784 super
1557 1699 1680 1767 'lurcos

623 1784 795 1870 fugientes,
812 1787 923 1874 ignem
938 1787 1135 1857 fulmineum
1151 1792 1345 1880 jaculantes.
1385 1799 1468 1880 Quae
1483 1802 1576 1879 visio,
1594 1804 1697 1870 sicut·

624 1886 812 1953 Sarracenis
842 1890 981 1959 incussit
1010 1893 1172 1975 timorem,
1212 1898 1261 1965 ita
1295 1899 1494 1968 Christianis
1525 1904 1697 1971 laetitiam.

623 1991 766 2057 contulit
788 1993 987 2080 ampliorem.

655 2236 817 2308 Joouadu
851 2241 1133 2312 Clurmtimwrumo
1164 2245 1318 2324 victoria,
1352 2247 1405 2315 ct²
1433 2270 1656 2338 pepercerunt

984 2347 1142 2434 aueum
1163 2350 1327 2438 cmosuac‘o.

668 2499 901 2570 corberannus
942 2506 1055 2567 autem
1092 2500 1135 2567 ab
1173 2501 1272 2567 initio
1307 2503 1498 2570 certaminis
1543 2505 1675 2573 turbem
1687 2517 1845 2585 Repwm

620 2606 798 2688 declinans,
835 2608 871 2673 in
906 2607 987 2673 colle
1020 2607 1165 2695 quodem
1198 2609 1410 2687 constitutus,
1443 2633 1518 2677 crim
1540 2619 1674 2700 repente

621 2711 800 2799 dissipates
822 2732 881 2797 per
902 2709 1078 2777 discrimen
1094 2717 1314 2777 memoratum
1337 2714 1499 2802 conspicit
1520 2716 1672 2803 legiones,

618 2813 743 2882 relictis
776 2814 901 2892 castris,
936 2819 1029 2878 trans
1064 2813 1227 2880 Eufraten
1261 2814 1415 2903 aufugit.⁸
1461 2816 1515 2898 Et,
1539 2824 1579 2884 ut
1609 2819 1672 2886 sibi

1714 2586 1741 2637 ii.
1758 2594 1813 2641 12³.

618 2917 801 2986 consuleret
831 2921 866 2982 et
895 2916 1029 2982 liberius
1051 2918 1165 3004 possit,
1188 2940 1230 2983 ue
1260 2917 1374 3004 praeda
1395 2919 1491 2986 fieret
1521 2920 1672 3001 inimicis,
1685 2937 1840 3006 septiens.

618 3021 758 3098 avolare,
793 3041 892 3106 equos
922 3018 1079 3108 fatigatos
1109 3018 1270 3098 deserens,
1307 3029 1454 3088 recentes
1481 3024 1670 3090 altenmtim
1699 3041 1701 3044 ·

618 3125 725 3191 obiter
756 3121 931 3188 mutuavit.
988 3121 1103 3188 Nostri
1127 3145 1257 3212 quoque
1291 3122 1454 3212 principes
1485 3126 1670 3193 defectum⁴

618 3248 775 3315 equorum
790 3225 1042 3291 macilentomm
1058 3228 1092 3291 et
1107 3226 1252 3292 multum
1267 3233 1462 3294 vexatorum
1477 3237 1669 3309 metuentes,

617 3352 684 3396 non
718 3329 860 3394 multum
891 3335 977 3408 suut,
1011 3328 1088 3395 licet
1122 3329 1158 3394 in
1192 3327 1325 3396 hostes⁶
1348 3352 1437 3397 acres
1468 3337 1503 3399 et
1535 3337 1689 3415 accensi„

616 3433 789 3522 prosecuti,
812 3438 949 3519 excepto
972 3432 1150 3511 Taucredo,
1172 3433 1229 3520 qui
1253 3435 1398 3500 cruentis
1421 3435 1605 3503 calcaribus
1634 3443 1689 3505 et.

616 3537 746 3625 equinis
783 3535 943 3601 lateribus
974 3535 1111 3601 minime
1150 3556 1296 3622 parcens,
1328 3537 1417 3625 ipsos
1455 3562 1497 3604 ex
1536 3538 1688 3608 ardenti.

615 3640 753 3728 spiritus
775 3639 963 3718 acerbitate,
986 3660 1061 3704 cum
1076 3638 1150 3704 aliis
1172 3640 1285 3726 paucis
1308 3641 1484 3721 sodalibus,
1508 3646 1686 3731 usquead.

615 3743 694 3809 solis
717 3764 867 3809 occasum
889 3741 999 3808 hostes
1022 3742 1262 3829 prosternendo
1290 3743 1471 3812 instantius
1492 3768 1666 3834 proseque

614 3848 720 3914 batur.
767 3845 912 3911 Tantum
935 3845 1024 3910 enim
1058 3841 1273 3911 infidelibus⁰
1295 3869 1451 3935 pavorem
1483 3850 1530 3915 eis
1559 3852 1667 3918 virtus

615 3949 729 4018 divina
751 3947 933 4015 immiserat
956 3952 990 4014 et
1020 3946 1248 4027 diffidentiam,
1272 3956 1311 4015 ut
1341 3972 1402 4016 neo
1424 3952 1584 4033 resistere,
1608 3976 1666 4020 nec

614 4077 635 4120 a
657 4076 691 4120 se
714 4052 950 4119 insectantium
979 4058 1112 4141 possent
1142 4051 1280 4140 injurias
1303 4053 1500 4141 propulsare.
1546 4057 1666 4124 Decem

613 4161 702 4228 enim
724 4183 767 4227 ex
788 4159 908 4226 nostris
929 4159 1009 4248 ipsis
1032 4160 1143 4227 decem
1166 4159 1258 4226 milis
1279 4159 1486 4227 videbantur.

656 4435 706 4503 Dc
727 4434 847 4522 spoliis
869 4433 1160 4521 impretiabililrra
1185 4435 1373 4502 Tuscorum
1389 4436 1616 4523 sepiendum.

1717 3006 1742 3058 ii.
1754 3015 1806 3062 12⁴.

445 4591 529 4657 spoils
540 4609 597 4659 cap·
657 4582 891 4647 Consummato
913 4580 1026 4665 itaque
1048 4579 1191 4665 glorioso
1213 4585 1309 4645 tanto
1332 4583 1519 4660 certamine,
1542 4585 1660 4650 reversi
1674 4596 1831 4663 Ropweuu

443 4661 590 4779 {ffiffi
611 4690 690 4749 sunt
712 4683 877 4772 principes
900 4683 1004 4749 nostri
1036 4682 1078 4747 ad
1114 4687 1221 4747 eastra
1254 4682 1410 4764 hostium,
1442 4685 1500 4750 ubi
1532 4692 1659 4753 tantam

1092 4841 1125 4844 .<.
1142 4839 1167 4843 »-
1238 4839 1252 4844 -
1272 4841 1277 4845 .
1315 4842 1323 4845 -
1343 4842 1655 4851 ..-.-——-——...-..-

613 4841 726 4851 ...-—.

645 4924 651 4953 ¹
664 4922 785 4986 terrestri]
804 4922 895 4981 ter-esti,
907 4922 962 4971 MS.
1133 4929 1136 5007 ξ
1158 4920 1231 4984 ously
1243 4920 1269 4970 in
1276 4922 1320 4974 the
1328 4924 1427 4989 margin
1438 4926 1503 4975 ester
1514 4934 1660 4978 vexatorum.

643 5004 653 5031 ²
665 5001 701 5066 et]
721 5001 871 5052 Interlined.
1157 4999 1186 5049 1³.
1199 5009 1297 5064 repente
1309 5003 1352 5052 the
1364 5006 1433 5053 word
1445 5005 1471 5054 in
1482 5006 1525 5056 the
1536 5013 1599 5057 text.

645 5085 653 5113 ³
665 5082 778 5148 ausupir]
797 5083 835 5132 At
846 5083 901 5132 flrst
912 5081 1010 5132 written
1017 5080 1109 5148 effecit.
1132 5020 1135 5146 i
1194 5081 1306 5147 ΙΙιοστυ]
1327 5083 1433 5143 nostres,
1445 5083 1502 5134 Me.

643 5162 796 5228 *desectunj
833 5162 959 5227 Repented
991 5154 1134 5225 superflui-t
1190 5159 1364 5227 ‘infidelibueJ
1383 5163 1475 5214 Added
1487 5163 1514 5213 in
1523 5180 1602 5230 marg.

1708 4666 1734 4716 ii.
1749 4672 1803 4720 12⁴.
