4442 6392
616 1167 681 1230 252
734 1180 901 1230 MATI'HAEI
925 1179 1141 1229 PARISIENSIS
1165 1176 1332 1228 HISTORIA
1353 1177 1553 1229 ANGLORUM.

448 1357 765 1425 A.D.1res.01nnium
796 1380 870 1424 cum
900 1357 1013 1422 favore
1047 1355 1137 1421 idem
1176 1355 1374 1442 Stephanus,
1405 1361 1445 1421 nt
1474 1361 1669 1443 praetactum

616 1466 677 1541 est,
713 1483 770 1549 per
803 1458 1025 1525 ministerium
1048 1458 1218 1539 Willelmi,
1243 1457 1492 1524 Cantuariensis
1514 1458 1671 1546 archiepi-

616 1566 714 1651 scopi,
747 1563 933 1629 diademate
967 1567 1127 1649 suscepto,
1159 1583 1220 1627 rex
1246 1566 1297 1627 est
1319 1562 1362 1626 ab
1393 1561 1547 1627 omnibus
1570 1561 1670 1627 acela

616 1674 736 1746 matus,
760 1672 795 1733 et
817 1665 945 1733 initiale
968 1665 1090 1733 festum
1113 1664 1223 1751 regale
1246 1665 1417 1751 splendide
1439 1664 1626 1744 celebravit.

803 1966 1059 2034 Jaraaaaeam
1086 1965 1260 2054 Stephani,
1284 1966 1368 2034 oooa‘
1391 1966 1488 2053 reple.

448 2143 558 2210 stephan
659 2126 880 2193 Coronatione
904 2126 1017 2214 itaque
1040 2125 1215 2214 magnifice
1245 2127 1416 2213 completa,
1440 2126 1666 2215 homagiisque
1679 2137 1847 2217 Ropwend.

448 2212 574 2332 ξζὲξῗξζ
616 2230 781 2316 susceptis
810 2229 959 2316 perrexit
990 2251 1048 2295 rex
1082 2250 1190 2293 novus
1218 2227 1394 2305 Oxoniam,
1416 2229 1527 2315 ibique
1551 2231 1668 2295 confir·
1712 2210 1814 2259 ΗΠ·

447 2352 521 2399 nane
617 2333 724 2398 mavit
745 2337 851 2419 pacta,
882 2353 956 2418 quae
987 2332 1067 2410 Deo,
1090 2331 1213 2418 populo
1243 2337 1278 2396 et
1311 2331 1452 2398 ecclesiae
1484 2337 1608 2398 sanctae
1630 2333 1666 2396 in

448 2419 604 2532 mmm·
616 2436 670 2502 die
701 2433 924 2501 coronationis
954 2457 1023 2501 suae
1056 2435 1094 2498 in
1125 2434 1277 2500 districto
1310 2434 1388 2499 fidei
1411 2434 1565 2500 examine
1594 2457 1687 2521 spo.

447 2549 544 2600 naaion
615 2538 743 2626 pendit,
780 2560 853 2623 quae
890 2537 961 2603 haec
1003 2537 1159 2603 fuerunt:
1208 2536 1329 2617 Primo,
1367 2559 1442 2603 cum
1474 2536 1667 2623 juramento

616 2639 712 2706 vovit
734 2639 930 2719 firmissime,
966 2639 1064 2704 tactis
1099 2660 1174 2703 cum
1197 2639 1372 2704 Dominico
1406 2660 1539 2727 corpore
1569 2661 1687 2704 evan.

615 2740 731 2831 geliis,¹
761 2742 858 2829 quod,
894 2741 1058 2806 defunctis
1088 2741 1248 2828 episeopis
1286 2739 1339 2805 vel
1377 2740 1563 2821 abbatibus,
1599 2762 1666 2806 non
1680 2764 1692 2802 :

615 2845 773 2911 retineret
807 2843 955 2910 ecclesias
984 2847 1142 2908 vacantes
1175 2843 1212 2906 in
1243 2864 1344 2907 manu
1368 2864 1436 2920 sua,
1463 2843 1521 2909 sed
1551 2844 1667 2908 stetim

616 2947 769 3014 electioni
801 2946 966 3012 canonicae
1000 2944 1211 3021 consentiret,
1234 2950 1269 3009 et
1292 2945 1413 3010 electos
1437 2945 1595 3010 continuo
1618 2945 1669 3009 in·

617 3049 763 3115 vestiret
811 3047 970 3125 Secundo,
994 3047 1083 3132 quod
1106 3046 1231 3112 nullius
1254 3047 1362 3112 clerici
1393 3046 1446 3112 vel
1470 3047 1545 3112 laici
1570 3047 1669 3113 silvas

616 3153 653 3216 in
691 3172 791 3215 manu
832 3150 1000 3227 retineret,
1039 3150 1126 3214 sicut
1158 3171 1219 3215 rex
1254 3148 1421 3215 Hearicus
1454 3149 1582 3227 fecerat,
1613 3150 1670 3236 qui

616 3253 755 3341 singulis
793 3253 889 3317 annis
927 3273 981 3317 eos
1011 3251 1284 3338 implacitaverat,
1309 3251 1338 3316 si
1368 3252 1422 3316 vel
1459 3253 1669 3319 venationem

616 3357 780 3442 cepissent
818 3354 855 3418 in
893 3354 986 3419 silvis
1016 3355 1165 3441 propriis,
1199 3354 1253 3420 vel
1289 3354 1318 3418 ai
1353 3376 1408 3419 eas
1439 3355 1481 3418 ad
1519 3355 1668 3442 proprias

616 3458 825 3524 necessitates
863 3457 1094 3522 distraherent.
1140 3457 1252 3522 Tertio
1290 3457 1395 3536 vovit,
1433 3458 1520 3542 quod
1559 3457 1845 3545 Dane-ngWend.

615 3559 713 3648 gold?
737 3560 846 3635 idest,
869 3560 910 3624 de
933 3559 1177 3645 qualibethida
1200 3566 1296 3625 terrae
1320 3559 1402 3624 duos
1424 3559 1554 3638 solidae,
1579 3561 1667 3646 quod
1712 3548 1739 3584 'L
1752 3541 1811 3586 ²¹⁸·

617 3668 836 3731 antecessores
858 3662 930 3749 ejus
953 3662 1098 3748 accipere
1124 3666 1364 3727 consueverant
1391 3683 1451 3748 pro
1471 3662 1686 3727 sustinenda.

616 3789 735 3855 guerra
772 3770 889 3832 contra
927 3766 1049 3846 Danas,
1088 3756 1161 3830 nec
1186 3770 1333 3851 tempore
1363 3764 1452 3850 pacis
1489 3766 1686 3831 voluerunt.

616 3871 794 3948 remittere,
809 3869 880 3955 ipse
903 3868 1044 3955 benigne
1059 3867 1096 3931 in
1118 3873 1314 3954 perpetuum
1330 3867 1537 3933 condonaret.
1584 3869 1685 3934 Haec.

616 3978 728 4038 autern
751 3969 943 4057 specialiter,
975 3975 1010 4034 et
1039 3969 1105 4034 aha
1128 3970 1236 4034 multe
1257 3969 1455 4058 generaliter
1477 3992 1511 4034 se
1537 3970 1668 4055 juravit

615 4081 832 4152 servaturum,
864 4074 930 4154 sed,
963 4071 1101 4136 humani
1131 4073 1260 4159 generis
1297 4073 1432 4137 inimico
1462 4079 1685 4158 procurante.

615 4179 714 4243 fidem
737 4177 773 4240 in
795 4175 950 4241 omnibus
973 4175 1151 4240 enormiter
1173 4175 1310 4255 violans,
1335 4175 1420 4239 nihil
1443 4175 1569 4256 horum,
1593 4198 1686 4262 quae.
1739 4251 1745 4263 ‚

615 4280 687 4345 Deo
709 4277 913 4369 promiserat,
929 4277 1129 4343 observavit.

815 4567 867 4633 De
889 4565 1097 4655 quibasdam
1120 4565 1226 4633 ceolla
1245 4565 1460 4654 procoeticte.

447 4737 579 4789 Thanna·
660 4714 786 4781 Eodem
816 4736 894 4780 vero
924 4736 1021 4790 anno,
1052 4715 1087 4778 in
1111 4714 1208 4779 triste
1241 4715 1438 4802 presagium
1472 4716 1688 4793 futurorum„

447 4812 590 4938 {ffissffif
615 4822 731 4885 contra
753 4823 906 4883 naturam
931 4816 1069 4904 hyemis,
1088 4817 1260 4882 horribilia
1285 4819 1435 4883 tonitrua
1458 4840 1531 4884 cum
1555 4819 1689 4905 damp.

651 5118 816 5201 'eacapdiieJ
836 5119 1072 5187 euuangeliia,MS.
1128 5120 1133 5188 Ι
1164 5119 1330 5188 ²Doneqeld]
1350 5121 1498 5182 Deneweld,
1506 5121 1562 5174 MS.
1575 5124 1626 5173 and
1637 5122 1666 5174 F.
