<?xml version="1.0" encoding="UTF-8"?>
<!DOCTYPE html PUBLIC "-//W3C//DTD XHTML 1.0 Transitional//EN"
    "http://www.w3.org/TR/xhtml1/DTD/xhtml1-transitional.dtd">
<html xmlns="http://www.w3.org/1999/xhtml" xml:lang="en" lang="en">
 <head>
  <title>
</title>
<meta http-equiv="Content-Type" content="text/html;charset=utf-8" />
  <meta name='ocr-system' content='tesseract 3.04.00' />
  <meta name='ocr-capabilities' content='ocr_page ocr_carea ocr_par ocr_line ocrx_word'/>
</head>
<body>
  <div class='ocr_page' id='page_1' title='image "./matthiparisiens01parigoog/matthiparisiens01parigoog_0144.png"; bbox 0 0 4442 6392; ppageno 0'>
   <div class='ocr_carea' id='block_1_1' title="bbox 649 1098 1578 1204">
    <p class='ocr_par' dir='ltr' id='par_1_1' title="bbox 649 1098 1578 1204">
     <span class='ocr_line' id='line_1_1' title="bbox 649 1098 1578 1204; baseline -0.01 -3"><span class='ocrx_word' id='word_1_1' title='bbox 649 1141 690 1204; x_wconf 84' lang='grc'><strong>56</strong></span> <span class='ocrx_word' id='word_1_2' title='bbox 766 1151 931 1201; x_wconf 79' lang='lat' dir='ltr'><strong>sumant</strong></span> <span class='ocrx_word' id='word_1_3' title='bbox 955 1148 1168 1199; x_wconf 74' lang='lat' dir='ltr'><strong>raarsrnnsrs</strong></span> <span class='ocrx_word' id='word_1_4' title='bbox 1191 1145 1354 1196; x_wconf 76' lang='lat' dir='ltr'><strong>maroam</strong></span> <span class='ocrx_word' id='word_1_5' title='bbox 1376 1098 1578 1195; x_wconf 72' lang='lat' dir='ltr'><strong>maronis.</strong></span> 
     </span>
    </p>
   </div>
   <div class='ocr_carea' id='block_1_2' title="bbox 480 1320 1704 2027">
    <p class='ocr_par' dir='ltr' id='par_1_2' title="bbox 480 1320 1704 2027">
     <span class='ocr_line' id='line_1_2' title="bbox 481 1320 1702 1410; baseline -0.012 -12"><span class='ocrx_word' id='word_1_6' title='bbox 481 1346 549 1398; x_wconf 72' lang='lat' dir='ltr'><strong>nl).</strong></span> <span class='ocrx_word' id='word_1_7' title='bbox 564 1328 836 1396; x_wconf 66' lang='lat' dir='ltr'><strong>rescriberentur.</strong></span> <span class='ocrx_word' id='word_1_8' title='bbox 882 1324 980 1407; x_wconf 77' lang='lat' dir='ltr'><strong>Quod</strong></span> <span class='ocrx_word' id='word_1_9' title='bbox 1002 1344 1208 1410; x_wconf 73' lang='lat' dir='ltr'><strong>unaquaque</strong></span> <span class='ocrx_word' id='word_1_10' title='bbox 1223 1322 1358 1389; x_wconf 88' lang='lat' dir='ltr'><strong>ecclesia</strong></span> <span class='ocrx_word' id='word_1_11' title='bbox 1380 1322 1523 1388; x_wconf 85' lang='lat' dir='ltr'><strong>decimas</strong></span> <span class='ocrx_word' id='word_1_12' title='bbox 1546 1342 1621 1386; x_wconf 85' lang='lat' dir='ltr'><strong>suas</strong></span> <span class='ocrx_word' id='word_1_13' title='bbox 1644 1320 1702 1384; x_wconf 94' lang='lat' dir='ltr'><strong>ha-</strong></span> 
     </span>
     <span class='ocr_line' id='line_1_3' title="bbox 649 1424 1704 1509; baseline -0.01 -12"><span class='ocrx_word' id='word_1_14' title='bbox 649 1431 734 1509; x_wconf 89' lang='lat' dir='ltr'><strong>beat,</strong></span> <span class='ocrx_word' id='word_1_15' title='bbox 757 1452 817 1496; x_wconf 89' lang='lat' dir='ltr'><strong>nec</strong></span> <span class='ocrx_word' id='word_1_16' title='bbox 838 1430 881 1494; x_wconf 84' lang='lat' dir='ltr'><strong>ad</strong></span> <span class='ocrx_word' id='word_1_17' title='bbox 903 1427 1004 1492; x_wconf 84' lang='lat' dir='ltr'><strong>aliam</strong></span> <span class='ocrx_word' id='word_1_18' title='bbox 1026 1425 1277 1492; x_wconf 77' lang='lat' dir='ltr'><strong>transferantur.</strong></span> <span class='ocrx_word' id='word_1_19' title='bbox 1324 1425 1421 1505; x_wconf 75' lang='lat' dir='ltr'><strong>Quod</strong></span> <span class='ocrx_word' id='word_1_20' title='bbox 1442 1424 1545 1490; x_wconf 88' lang='lat' dir='ltr'><strong>laicus</strong></span> <span class='ocrx_word' id='word_1_21' title='bbox 1560 1424 1704 1489; x_wconf 89' lang='lat' dir='ltr'><strong>decimas</strong></span> 
     </span>
     <span class='ocr_line' id='line_1_4' title="bbox 649 1527 1700 1616; baseline -0.01 -16"><span class='ocrx_word' id='word_1_22' title='bbox 649 1557 718 1600; x_wconf 92' lang='lat' dir='ltr'><strong>non</strong></span> <span class='ocrx_word' id='word_1_23' title='bbox 740 1539 828 1599; x_wconf 87' lang='lat' dir='ltr'><strong>emat</strong></span> <span class='ocrx_word' id='word_1_24' title='bbox 851 1531 905 1596; x_wconf 89' lang='lat' dir='ltr'><strong>vel</strong></span> <span class='ocrx_word' id='word_1_25' title='bbox 920 1528 1053 1595; x_wconf 88' lang='lat' dir='ltr'><strong>vendat.</strong></span> <span class='ocrx_word' id='word_1_26' title='bbox 1101 1527 1197 1608; x_wconf 85' lang='lat' dir='ltr'><strong>Quod</strong></span> <span class='ocrx_word' id='word_1_27' title='bbox 1219 1549 1279 1615; x_wconf 95' lang='lat' dir='ltr'><strong>pro</strong></span> <span class='ocrx_word' id='word_1_28' title='bbox 1301 1528 1471 1616; x_wconf 71' lang='lat' dir='ltr'><strong>sepultura</strong></span> <span class='ocrx_word' id='word_1_29' title='bbox 1494 1531 1700 1592; x_wconf 87' lang='lat' dir='ltr'><strong>mortuorum</strong></span> 
     </span>
     <span class='ocr_line' id='line_1_5' title="bbox 652 1629 1702 1725; baseline -0.009 -24"><span class='ocrx_word' id='word_1_30' title='bbox 652 1637 798 1725; x_wconf 89' lang='lat' dir='ltr'><strong>pretium</strong></span> <span class='ocrx_word' id='word_1_31' title='bbox 818 1655 888 1700; x_wconf 91' lang='lat' dir='ltr'><strong>non</strong></span> <span class='ocrx_word' id='word_1_32' title='bbox 902 1632 1088 1720; x_wconf 76' lang='lat' dir='ltr'><strong>recipiatur.</strong></span> <span class='ocrx_word' id='word_1_33' title='bbox 1135 1631 1232 1707; x_wconf 88' lang='lat' dir='ltr'><strong>Item,</strong></span> <span class='ocrx_word' id='word_1_34' title='bbox 1246 1631 1283 1696; x_wconf 93' lang='lat' dir='ltr'><strong>in</strong></span> <span class='ocrx_word' id='word_1_35' title='bbox 1306 1631 1367 1696; x_wconf 92' lang='lat' dir='ltr'><strong>hoc</strong></span> <span class='ocrx_word' id='word_1_36' title='bbox 1390 1630 1526 1696; x_wconf 90' lang='lat' dir='ltr'><strong>concilio</strong></span> <span class='ocrx_word' id='word_1_37' title='bbox 1542 1629 1702 1696; x_wconf 89' lang='lat' dir='ltr'><strong>Urbanus</strong></span> 
     </span>
     <span class='ocr_line' id='line_1_6' title="bbox 480 1732 1702 1849; baseline -0.002 -48"><span class='ocrx_word' id='word_1_38' title='bbox 480 1733 503 1782; x_wconf 84' lang='lat' dir='ltr'><strong>P</strong></span> <span class='ocrx_word' id='word_1_39' title='bbox 498 1732 643 1849; x_wconf 46' lang='lat' dir='ltr'><strong>giemus</strong></span> <span class='ocrx_word' id='word_1_40' title='bbox 655 1738 876 1806; x_wconf 87' lang='lat' dir='ltr'><strong>Hildebrandi</strong></span> <span class='ocrx_word' id='word_1_41' title='bbox 914 1737 1045 1802; x_wconf 86' lang='lat' dir='ltr'><strong>decreta</strong></span> <span class='ocrx_word' id='word_1_42' title='bbox 1080 1736 1278 1816; x_wconf 83' lang='lat' dir='ltr'><strong>renovavit3</strong></span> <span class='ocrx_word' id='word_1_43' title='bbox 1327 1736 1517 1821; x_wconf 91' lang='lat' dir='ltr'><strong>Philippum</strong></span> <span class='ocrx_word' id='word_1_44' title='bbox 1562 1754 1702 1821; x_wconf 89' lang='lat' dir='ltr'><strong>quoque,</strong></span> 
     </span>
     <span class='ocr_line' id='line_1_7' title="bbox 482 1815 1704 1930; baseline -0.007 -20"><span class='ocrx_word' id='word_1_45' title='bbox 482 1815 505 1915; x_wconf 68' lang='lat' dir='ltr'><strong>ll</strong></span> <span class='ocrx_word' id='word_1_46' title='bbox 516 1815 626 1917; x_wconf 49' lang='lat' dir='ltr'><strong>affl</strong></span> <span class='ocrx_word' id='word_1_47' title='bbox 654 1865 762 1930; x_wconf 89' lang='lat' dir='ltr'><strong>regem</strong></span> <span class='ocrx_word' id='word_1_48' title='bbox 779 1841 988 1918; x_wconf 80' lang='lat' dir='ltr'><strong>Francorum,</strong></span> <span class='ocrx_word' id='word_1_49' title='bbox 1004 1838 1070 1924; x_wconf 89' lang='lat' dir='ltr'><strong>qui,</strong></span> <span class='ocrx_word' id='word_1_50' title='bbox 1087 1838 1224 1903; x_wconf 86' lang='lat' dir='ltr'><strong>vivente</strong></span> <span class='ocrx_word' id='word_1_51' title='bbox 1245 1838 1359 1925; x_wconf 84' lang='lat' dir='ltr'><strong>regina</strong></span> <span class='ocrx_word' id='word_1_52' title='bbox 1380 1860 1449 1914; x_wconf 88' lang='lat' dir='ltr'><strong>sua,</strong></span> <span class='ocrx_word' id='word_1_53' title='bbox 1464 1837 1704 1923; x_wconf 86' lang='lat' dir='ltr'><strong>superduxerat</strong></span> 
     </span>
     <span class='ocr_line' id='line_1_8' title="bbox 481 1932 1703 2027; baseline -0.007 -13"><span class='ocrx_word' id='word_1_54' title='bbox 481 1932 634 1985; x_wconf 66' lang='lat' dir='ltr'><strong>munieras</strong></span> <span class='ocrx_word' id='word_1_55' title='bbox 652 1945 787 2013; x_wconf 80' lang='lat' dir='ltr'><strong>alterius</strong></span> <span class='ocrx_word' id='word_1_56' title='bbox 830 1941 987 2019; x_wconf 89' lang='lat' dir='ltr'><strong>viventis,</strong></span> <span class='ocrx_word' id='word_1_57' title='bbox 1032 1939 1189 2006; x_wconf 87' lang='lat' dir='ltr'><strong>Fulconis</strong></span> <span class='ocrx_word' id='word_1_58' title='bbox 1234 1939 1365 2022; x_wconf 89' lang='lat' dir='ltr'><strong>scilicet,</strong></span> <span class='ocrx_word' id='word_1_59' title='bbox 1411 1940 1703 2027; x_wconf 83' lang='lat' dir='ltr'><strong>Andegavensium</strong></span> 
     </span>
    </p>
   </div>
   <div class='ocr_carea' id='block_1_3' title="bbox 651 2042 1290 2126">
    <p class='ocr_par' dir='ltr' id='par_1_3' title="bbox 651 2042 1290 2126">
     <span class='ocr_line' id='line_1_9' title="bbox 651 2042 1290 2126; baseline -0.014 -10"><span class='ocrx_word' id='word_1_60' title='bbox 651 2049 788 2126; x_wconf 86' lang='lat' dir='ltr'><strong>comitis,</strong></span> <span class='ocrx_word' id='word_1_61' title='bbox 811 2067 958 2124; x_wconf 87' lang='lat' dir='ltr'><strong>uxorem,</strong></span> <span class='ocrx_word' id='word_1_62' title='bbox 982 2042 1290 2110; x_wconf 80' lang='lat' dir='ltr'><strong>excommunicavit.</strong></span> 
     </span>
    </p>
   </div>
   <div class='ocr_carea' id='block_1_4' title="bbox 666 2343 1691 2516">
    <p class='ocr_par' dir='ltr' id='par_1_4' title="bbox 666 2343 1691 2516">
     <span class='ocr_line' id='line_1_10' title="bbox 666 2343 1691 2433; baseline -0.001 -22"><span class='ocrx_word' id='word_1_63' title='bbox 666 2345 765 2432; x_wconf 80' lang='lat' dir='ltr'><strong>Papa</strong></span> <span class='ocrx_word' id='word_1_64' title='bbox 793 2343 952 2411; x_wconf 71' lang='lat' dir='ltr'><strong>Urbanus</strong></span> <span class='ocrx_word' id='word_1_65' title='bbox 974 2366 1161 2411; x_wconf 72' lang='lat' dir='ltr'><strong>accaronem</strong></span> <span class='ocrx_word' id='word_1_66' title='bbox 1175 2344 1261 2433; x_wconf 79' lang='lat' dir='ltr'><strong>fecit</strong></span> <span class='ocrx_word' id='word_1_67' title='bbox 1278 2344 1414 2431; x_wconf 78' lang='lat' dir='ltr'><strong>popolo,</strong></span> <span class='ocrx_word' id='word_1_68' title='bbox 1437 2366 1539 2432; x_wconf 77' lang='lat' dir='ltr'><strong>saper</strong></span> <span class='ocrx_word' id='word_1_69' title='bbox 1560 2344 1691 2431; x_wconf 71' lang='lat' dir='ltr'><strong>ampetio</strong></span> 
     </span>
     <span class='ocr_line' id='line_1_11' title="bbox 1044 2447 1316 2516; baseline -0.007 -1"><span class='ocrx_word' id='word_1_70' title='bbox 1044 2448 1154 2515; x_wconf 74' lang='lat' dir='ltr'><strong>Terra</strong></span> <span class='ocrx_word' id='word_1_71' title='bbox 1176 2447 1316 2516; x_wconf 70' lang='lat' dir='ltr'><strong>mmm.</strong></span> 
     </span>
    </p>
   </div>
   <div class='ocr_carea' id='block_1_5' title="bbox 482 2586 1873 4111">
    <p class='ocr_par' dir='ltr' id='par_1_5' title="bbox 482 2586 1873 4111">
     <span class='ocr_line' id='line_1_12' title="bbox 482 2586 1872 2676; baseline 0.001 -25"><span class='ocrx_word' id='word_1_72' title='bbox 482 2599 618 2652; x_wconf 74' lang='lat' dir='ltr'><strong>Discerne</strong></span> <span class='ocrx_word' id='word_1_73' title='bbox 698 2587 741 2653; x_wconf 91' lang='lat' dir='ltr'><strong>In</strong></span> <span class='ocrx_word' id='word_1_74' title='bbox 762 2587 828 2654; x_wconf 88' lang='lat' dir='ltr'><strong>fine</strong></span> <span class='ocrx_word' id='word_1_75' title='bbox 847 2592 960 2655; x_wconf 88' lang='lat' dir='ltr'><strong>autem</strong></span> <span class='ocrx_word' id='word_1_76' title='bbox 983 2589 1117 2667; x_wconf 90' lang='lat' dir='ltr'><strong>concilii,</strong></span> <span class='ocrx_word' id='word_1_77' title='bbox 1133 2589 1221 2676; x_wconf 89' lang='lat' dir='ltr'><strong>quod</strong></span> <span class='ocrx_word' id='word_1_78' title='bbox 1237 2610 1349 2654; x_wconf 86' lang='lat' dir='ltr'><strong>mense</strong></span> <span class='ocrx_word' id='word_1_79' title='bbox 1364 2586 1567 2654; x_wconf 86' lang='lat' dir='ltr'><strong>Novembrio</strong></span> <span class='ocrx_word' id='word_1_80' title='bbox 1589 2593 1700 2653; x_wconf 87' lang='lat' dir='ltr'><strong>actum</strong></span> <span class='ocrx_word' id='word_1_81' title='bbox 1713 2596 1872 2674; x_wconf 67' lang='lat' dir='ltr'><strong>Ropwwd.</strong></span> 
     </span>
     <span class='ocr_line' id='line_1_13' title="bbox 482 2668 1831 2784; baseline 0.001 -29"><span class='ocrx_word' id='word_1_82' title='bbox 482 2668 622 2784; x_wconf 43' lang='lat' dir='ltr'><strong>*5³2⁰ssst</strong></span> <span class='ocrx_word' id='word_1_83' title='bbox 653 2695 712 2772; x_wconf 90' lang='lat' dir='ltr'><strong>est,</strong></span> <span class='ocrx_word' id='word_1_84' title='bbox 735 2713 822 2779; x_wconf 88' lang='lat' dir='ltr'><strong>papa</strong></span> <span class='ocrx_word' id='word_1_85' title='bbox 851 2696 1052 2758; x_wconf 88' lang='lat' dir='ltr'><strong>memoratus</strong></span> <span class='ocrx_word' id='word_1_86' title='bbox 1081 2692 1123 2757; x_wconf 87' lang='lat' dir='ltr'><strong>de</strong></span> <span class='ocrx_word' id='word_1_87' title='bbox 1152 2690 1286 2777; x_wconf 86' lang='lat' dir='ltr'><strong>negotio</strong></span> <span class='ocrx_word' id='word_1_88' title='bbox 1316 2691 1420 2758; x_wconf 86' lang='lat' dir='ltr'><strong>crucis</strong></span> <span class='ocrx_word' id='word_1_89' title='bbox 1450 2712 1632 2757; x_wconf 89' lang='lat' dir='ltr'><strong>sermonem</strong></span> <span class='ocrx_word' id='word_1_90' title='bbox 1658 2691 1701 2756; x_wconf 86' lang='lat' dir='ltr'><strong>ad</strong></span> <span class='ocrx_word' id='word_1_91' title='bbox 1750 2678 1776 2714; x_wconf 50' lang='lat'><strong>¹³</strong></span> <span class='ocrx_word' id='word_1_92' title='bbox 1790 2668 1831 2714; x_wconf 75' lang='lat'><strong>⁶⁸·</strong></span> 
     </span>
     <span class='ocr_line' id='line_1_14' title="bbox 482 2792 1703 2881; baseline -0.001 -23"><span class='ocrx_word' id='word_1_93' title='bbox 482 2799 633 2867; x_wconf 76' lang='lat' dir='ltr'><strong>advocamg</strong></span> <span class='ocrx_word' id='word_1_94' title='bbox 652 2793 810 2880; x_wconf 90' lang='lat' dir='ltr'><strong>populum</strong></span> <span class='ocrx_word' id='word_1_95' title='bbox 831 2792 1117 2870; x_wconf 69' lang='lat' dir='ltr'><strong>faciem¹mu1t0s</strong></span> <span class='ocrx_word' id='word_1_96' title='bbox 1146 2793 1273 2858; x_wconf 90' lang='lat' dir='ltr'><strong>nobiles</strong></span> <span class='ocrx_word' id='word_1_97' title='bbox 1303 2816 1397 2860; x_wconf 92' lang='lat' dir='ltr'><strong>cruce</strong></span> <span class='ocrx_word' id='word_1_98' title='bbox 1428 2794 1579 2881; x_wconf 87' lang='lat' dir='ltr'><strong>signavit,</strong></span> <span class='ocrx_word' id='word_1_99' title='bbox 1604 2799 1638 2858; x_wconf 91' lang='lat' dir='ltr'><strong>et</strong></span> <span class='ocrx_word' id='word_1_100' title='bbox 1660 2793 1703 2857; x_wconf 86' lang='lat' dir='ltr'><strong>ad</strong></span> 
     </span>
     <span class='ocr_line' id='line_1_15' title="bbox 484 2870 1703 2962; baseline 0.002 -3"><span class='ocrx_word' id='word_1_101' title='bbox 484 2870 622 2919; x_wconf 72' lang='lat' dir='ltr'><strong>somnne.</strong></span> <span class='ocrx_word' id='word_1_102' title='bbox 652 2895 776 2960; x_wconf 92' lang='lat' dir='ltr'><strong>bellum</strong></span> <span class='ocrx_word' id='word_1_103' title='bbox 814 2901 929 2962; x_wconf 87' lang='lat' dir='ltr'><strong>contra</strong></span> <span class='ocrx_word' id='word_1_104' title='bbox 973 2894 1124 2960; x_wconf 87' lang='lat' dir='ltr'><strong>infideles</strong></span> <span class='ocrx_word' id='word_1_105' title='bbox 1166 2895 1300 2960; x_wconf 87' lang='lat' dir='ltr'><strong>Terram</strong></span> <span class='ocrx_word' id='word_1_106' title='bbox 1339 2896 1495 2961; x_wconf 85' lang='lat' dir='ltr'><strong>Sanctam</strong></span> <span class='ocrx_word' id='word_1_107' title='bbox 1534 2900 1703 2961; x_wconf 84' lang='lat' dir='ltr'><strong>vastantes</strong></span> 
     </span>
     <span class='ocr_line' id='line_1_16' title="bbox 651 2996 1873 3087; baseline 0.001 -25"><span class='ocrx_word' id='word_1_108' title='bbox 651 2998 822 3063; x_wconf 88' lang='lat' dir='ltr'><strong>animavit.</strong></span> <span class='ocrx_word' id='word_1_109' title='bbox 869 2996 1017 3078; x_wconf 81' lang='lat' dir='ltr'><strong>Quorum</strong></span> <span class='ocrx_word' id='word_1_110' title='bbox 1039 2998 1166 3085; x_wconf 89' lang='lat' dir='ltr'><strong>primus</strong></span> <span class='ocrx_word' id='word_1_111' title='bbox 1190 2997 1258 3064; x_wconf 86' lang='lat' dir='ltr'><strong>fnit</strong></span> <span class='ocrx_word' id='word_1_112' title='bbox 1273 2999 1507 3078; x_wconf 85' lang='lat' dir='ltr'><strong>Athelmaerus‚</strong></span> <span class='ocrx_word' id='word_1_113' title='bbox 1532 2999 1701 3086; x_wconf 86' lang='lat' dir='ltr'><strong>episcopus</strong></span> <span class='ocrx_word' id='word_1_114' title='bbox 1713 3007 1873 3087; x_wconf 62' lang='lat' dir='ltr'><strong>Ropwend.</strong></span> 
     </span>
     <span class='ocr_line' id='line_1_17' title="bbox 651 3082 1833 3189; baseline 0.003 -26"><span class='ocrx_word' id='word_1_115' title='bbox 651 3097 831 3177; x_wconf 89' lang='lat' dir='ltr'><strong>Podiensis,</strong></span> <span class='ocrx_word' id='word_1_116' title='bbox 865 3099 933 3186; x_wconf 91' lang='lat' dir='ltr'><strong>qui,</strong></span> <span class='ocrx_word' id='word_1_117' title='bbox 972 3099 1076 3164; x_wconf 88' lang='lat' dir='ltr'><strong>crucis</strong></span> <span class='ocrx_word' id='word_1_118' title='bbox 1121 3100 1289 3186; x_wconf 85' lang='lat' dir='ltr'><strong>signaculo</strong></span> <span class='ocrx_word' id='word_1_119' title='bbox 1327 3100 1368 3166; x_wconf 92' lang='lat' dir='ltr'><strong>de</strong></span> <span class='ocrx_word' id='word_1_120' title='bbox 1410 3101 1564 3166; x_wconf 88' lang='lat' dir='ltr'><strong>manibus</strong></span> <span class='ocrx_word' id='word_1_121' title='bbox 1605 3123 1700 3189; x_wconf 86' lang='lat' dir='ltr'><strong>papae</strong></span> <span class='ocrx_word' id='word_1_122' title='bbox 1751 3090 1780 3126; x_wconf 80' lang='lat'><strong>¹¹·</strong></span> <span class='ocrx_word' id='word_1_123' title='bbox 1793 3082 1833 3126; x_wconf 70' lang='lat'><strong>⁶²·</strong></span> 
     </span>
     <span class='ocr_line' id='line_1_18' title="bbox 652 3200 1703 3289; baseline 0.003 -23"><span class='ocrx_word' id='word_1_124' title='bbox 652 3208 793 3288; x_wconf 86' lang='lat' dir='ltr'><strong>accepto,</strong></span> <span class='ocrx_word' id='word_1_125' title='bbox 831 3200 1044 3282; x_wconf 86' lang='lat' dir='ltr'><strong>Willclmum,</strong></span> <span class='ocrx_word' id='word_1_126' title='bbox 1083 3201 1315 3267; x_wconf 89' lang='lat' dir='ltr'><strong>Aurasienscm</strong></span> <span class='ocrx_word' id='word_1_127' title='bbox 1360 3203 1543 3289; x_wconf 74' lang='lat' dir='ltr'><strong>praesulem,</strong></span> <span class='ocrx_word' id='word_1_128' title='bbox 1585 3203 1703 3269; x_wconf 89' lang='lat' dir='ltr'><strong>habuit</strong></span> 
     </span>
     <span class='ocr_line' id='line_1_19' title="bbox 653 3303 1703 3381; baseline 0.004 -12"><span class='ocrx_word' id='word_1_129' title='bbox 653 3304 728 3369; x_wconf 89' lang='lat' dir='ltr'><strong>ilico</strong></span> <span class='ocrx_word' id='word_1_130' title='bbox 750 3307 953 3381; x_wconf 88' lang='lat' dir='ltr'><strong>sectatorem,</strong></span> <span class='ocrx_word' id='word_1_131' title='bbox 976 3325 1050 3369; x_wconf 88' lang='lat' dir='ltr'><strong>cum</strong></span> <span class='ocrx_word' id='word_1_132' title='bbox 1073 3303 1149 3369; x_wconf 88' lang='lat' dir='ltr'><strong>aliis</strong></span> <span class='ocrx_word' id='word_1_133' title='bbox 1175 3304 1328 3371; x_wconf 90' lang='lat' dir='ltr'><strong>fidelibus</strong></span> <span class='ocrx_word' id='word_1_134' title='bbox 1359 3305 1541 3370; x_wconf 88' lang='lat' dir='ltr'><strong>innumeris</strong></span> <span class='ocrx_word' id='word_1_135' title='bbox 1563 3306 1703 3373; x_wconf 78' lang='lat' dir='ltr'><strong>diversa</strong></span> 
     </span>
     <span class='ocr_line' id='line_1_20' title="bbox 653 3405 1704 3494; baseline 0.003 -23"><span class='ocrx_word' id='word_1_136' title='bbox 653 3405 850 3471; x_wconf 89' lang='lat' dir='ltr'><strong>conditionis</strong></span> <span class='ocrx_word' id='word_1_137' title='bbox 880 3411 914 3470; x_wconf 90' lang='lat' dir='ltr'><strong>et</strong></span> <span class='ocrx_word' id='word_1_138' title='bbox 945 3405 1063 3472; x_wconf 84' lang='lat' dir='ltr'><strong>aetatis.</strong></span> <span class='ocrx_word' id='word_1_139' title='bbox 1110 3407 1225 3473; x_wconf 87' lang='lat' dir='ltr'><strong>Finito</strong></span> <span class='ocrx_word' id='word_1_140' title='bbox 1255 3407 1360 3494; x_wconf 87' lang='lat' dir='ltr'><strong>igitur</strong></span> <span class='ocrx_word' id='word_1_141' title='bbox 1389 3429 1538 3473; x_wconf 87' lang='lat' dir='ltr'><strong>sermone</strong></span> <span class='ocrx_word' id='word_1_142' title='bbox 1563 3413 1597 3474; x_wconf 89' lang='lat' dir='ltr'><strong>et</strong></span> <span class='ocrx_word' id='word_1_143' title='bbox 1629 3430 1704 3474; x_wconf 91' lang='lat' dir='ltr'><strong>con-</strong></span> 
     </span>
     <span class='ocr_line' id='line_1_21' title="bbox 652 3507 1725 3599; baseline 0.002 -25"><span class='ocrx_word' id='word_1_144' title='bbox 652 3507 736 3579; x_wconf 83' lang='lat' dir='ltr'><strong>cilio.</strong></span> <span class='ocrx_word' id='word_1_145' title='bbox 774 3531 794 3573; x_wconf 91' lang='lat' dir='ltr'><strong>a</strong></span> <span class='ocrx_word' id='word_1_146' title='bbox 831 3507 970 3595; x_wconf 85' lang='lat' dir='ltr'><strong>singulis</strong></span> <span class='ocrx_word' id='word_1_147' title='bbox 1008 3508 1167 3596; x_wconf 85' lang='lat' dir='ltr'><strong>episcopis</strong></span> <span class='ocrx_word' id='word_1_148' title='bbox 1205 3511 1240 3576; x_wconf 93' lang='lat' dir='ltr'><strong>in</strong></span> <span class='ocrx_word' id='word_1_149' title='bbox 1278 3532 1339 3575; x_wconf 88' lang='lat' dir='ltr'><strong>sua</strong></span> <span class='ocrx_word' id='word_1_150' title='bbox 1381 3510 1500 3576; x_wconf 87' lang='lat' dir='ltr'><strong>diocesi</strong></span> <span class='ocrx_word' id='word_1_151' title='bbox 1533 3512 1725 3599; x_wconf 77' lang='lat' dir='ltr'><strong>negotium·</strong></span> 
     </span>
     <span class='ocr_line' id='line_1_22' title="bbox 653 3610 1705 3700; baseline 0.002 -24"><span class='ocrx_word' id='word_1_152' title='bbox 653 3612 763 3677; x_wconf 80' lang='lat' dir='ltr'><strong>Tenes</strong></span> <span class='ocrx_word' id='word_1_153' title='bbox 793 3610 924 3676; x_wconf 82' lang='lat' dir='ltr'><strong>Sanctae</strong></span> <span class='ocrx_word' id='word_1_154' title='bbox 954 3610 1127 3676; x_wconf 88' lang='lat' dir='ltr'><strong>efficaciter</strong></span> <span class='ocrx_word' id='word_1_155' title='bbox 1157 3617 1208 3677; x_wconf 90' lang='lat' dir='ltr'><strong>est</strong></span> <span class='ocrx_word' id='word_1_156' title='bbox 1245 3612 1445 3698; x_wconf 83' lang='lat' dir='ltr'><strong>expeditum.</strong></span> <span class='ocrx_word' id='word_1_157' title='bbox 1492 3613 1596 3700; x_wconf 84' lang='lat' dir='ltr'><strong>Cujus</strong></span> <span class='ocrx_word' id='word_1_158' title='bbox 1626 3614 1705 3680; x_wconf 85' lang='lat' dir='ltr'><strong>facti</strong></span> 
     </span>
     <span class='ocr_line' id='line_1_23' title="bbox 653 3713 1705 3800; baseline 0.003 -21"><span class='ocrx_word' id='word_1_159' title='bbox 653 3713 743 3779; x_wconf 88' lang='lat' dir='ltr'><strong>fama</strong></span> <span class='ocrx_word' id='word_1_160' title='bbox 764 3716 874 3779; x_wconf 90' lang='lat' dir='ltr'><strong>totum</strong></span> <span class='ocrx_word' id='word_1_161' title='bbox 903 3713 1106 3800; x_wconf 87' lang='lat' dir='ltr'><strong>perlustrans</strong></span> <span class='ocrx_word' id='word_1_162' title='bbox 1137 3714 1257 3793; x_wconf 87' lang='lat' dir='ltr'><strong>orbern,</strong></span> <span class='ocrx_word' id='word_1_163' title='bbox 1281 3737 1348 3780; x_wconf 90' lang='lat' dir='ltr'><strong>non</strong></span> <span class='ocrx_word' id='word_1_164' title='bbox 1378 3715 1484 3780; x_wconf 89' lang='lat' dir='ltr'><strong>solum</strong></span> <span class='ocrx_word' id='word_1_165' title='bbox 1514 3716 1705 3782; x_wconf 84' lang='lat' dir='ltr'><strong>mediterra-</strong></span> 
     </span>
     <span class='ocr_line' id='line_1_24' title="bbox 654 3815 1705 3904; baseline 0.006 -24"><span class='ocrx_word' id='word_1_166' title='bbox 654 3837 733 3881; x_wconf 90' lang='lat' dir='ltr'><strong>neas</strong></span> <span class='ocrx_word' id='word_1_167' title='bbox 770 3815 956 3902; x_wconf 85' lang='lat' dir='ltr'><strong>provincias</strong></span> <span class='ocrx_word' id='word_1_168' title='bbox 989 3816 1031 3881; x_wconf 88' lang='lat' dir='ltr'><strong>ad</strong></span> <span class='ocrx_word' id='word_1_169' title='bbox 1063 3815 1149 3882; x_wconf 89' lang='lat' dir='ltr'><strong>hanc</strong></span> <span class='ocrx_word' id='word_1_170' title='bbox 1186 3817 1484 3904; x_wconf 85' lang='lat' dir='ltr'><strong>peregrinationem</strong></span> <span class='ocrx_word' id='word_1_171' title='bbox 1518 3820 1705 3901; x_wconf 84' lang='lat' dir='ltr'><strong>commovit,</strong></span> 
     </span>
     <span class='ocr_line' id='line_1_25' title="bbox 655 3918 1706 4006; baseline 0.004 -22"><span class='ocrx_word' id='word_1_172' title='bbox 655 3919 712 3984; x_wconf 88' lang='lat' dir='ltr'><strong>sed</strong></span> <span class='ocrx_word' id='word_1_173' title='bbox 749 3923 784 3984; x_wconf 91' lang='lat' dir='ltr'><strong>et</strong></span> <span class='ocrx_word' id='word_1_174' title='bbox 817 3939 939 3999; x_wconf 87' lang='lat' dir='ltr'><strong>omncs,</strong></span> <span class='ocrx_word' id='word_1_175' title='bbox 975 3918 1033 4005; x_wconf 92' lang='lat' dir='ltr'><strong>qui</strong></span> <span class='ocrx_word' id='word_1_176' title='bbox 1070 3919 1106 3984; x_wconf 90' lang='lat' dir='ltr'><strong>in</strong></span> <span class='ocrx_word' id='word_1_177' title='bbox 1143 3920 1336 4006; x_wconf 88' lang='lat' dir='ltr'><strong>penultimis</strong></span> <span class='ocrx_word' id='word_1_178' title='bbox 1373 3920 1491 3986; x_wconf 89' lang='lat' dir='ltr'><strong>insulis</strong></span> <span class='ocrx_word' id='word_1_179' title='bbox 1528 3927 1563 3988; x_wconf 90' lang='lat' dir='ltr'><strong>et</strong></span> <span class='ocrx_word' id='word_1_180' title='bbox 1601 3928 1706 3988; x_wconf 88' lang='lat' dir='ltr'><strong>terras</strong></span> 
     </span>
     <span class='ocr_line' id='line_1_26' title="bbox 486 4021 1706 4111; baseline 0.002 -24"><span class='ocrx_word' id='word_1_181' title='bbox 486 4028 622 4080; x_wconf 75' lang='lat' dir='ltr'><strong>Namesof</strong></span> <span class='ocrx_word' id='word_1_182' title='bbox 657 4021 919 4088; x_wconf 82' lang='lat' dir='ltr'><strong>Christianorum</strong></span> <span class='ocrx_word' id='word_1_183' title='bbox 942 4021 1177 4087; x_wconf 85' lang='lat' dir='ltr'><strong>remotissimas</strong></span> <span class='ocrx_word' id='word_1_184' title='bbox 1194 4021 1438 4089; x_wconf 84' lang='lat' dir='ltr'><strong>inhabitabant.</strong></span> <span class='ocrx_word' id='word_1_185' title='bbox 1484 4023 1706 4111; x_wconf 88' lang='lat' dir='ltr'><strong>Susceperunt</strong></span> 
     </span>
    </p>
   </div>
   <div class='ocr_carea' id='block_1_6' title="bbox 486 4095 1704 4215">
    <p class='ocr_par' dir='ltr' id='par_1_6' title="bbox 486 4095 1704 4215">
     <span class='ocr_line' id='line_1_27' title="bbox 486 4095 1704 4215; baseline 0.002 -27"><span class='ocrx_word' id='word_1_186' title='bbox 486 4095 624 4214; x_wconf 53' lang='lat' dir='ltr'><strong>{ffifflf</strong></span> <span class='ocrx_word' id='word_1_187' title='bbox 656 4146 797 4210; x_wconf 89' lang='lat' dir='ltr'><strong>namque</strong></span> <span class='ocrx_word' id='word_1_188' title='bbox 835 4123 938 4189; x_wconf 90' lang='lat' dir='ltr'><strong>crucis</strong></span> <span class='ocrx_word' id='word_1_189' title='bbox 976 4123 1181 4211; x_wconf 79' lang='lat' dir='ltr'><strong>signaculum</strong></span> <span class='ocrx_word' id='word_1_190' title='bbox 1224 4125 1325 4213; x_wconf 86' lang='lat' dir='ltr'><strong>Hugo</strong></span> <span class='ocrx_word' id='word_1_191' title='bbox 1369 4127 1521 4213; x_wconf 84' lang='lat' dir='ltr'><strong>Magnus,</strong></span> <span class='ocrx_word' id='word_1_192' title='bbox 1559 4127 1704 4215; x_wconf 92' lang='lat' dir='ltr'><strong>Philippi</strong></span> 
     </span>
    </p>
   </div>
   <div class='ocr_carea' id='block_1_7' title="bbox 488 4226 1706 4725">
    <p class='ocr_par' dir='ltr' id='par_1_7' title="bbox 488 4226 1706 4725">
     <span class='ocr_line' id='line_1_28' title="bbox 488 4226 1705 4315; baseline 0.002 -22"><span class='ocrx_word' id='word_1_193' title='bbox 488 4231 618 4307; x_wconf 25' lang='lat' dir='ltr'><strong>nenexpe</strong></span> <span class='ocrx_word' id='word_1_194' title='bbox 657 4227 857 4293; x_wconf 86' lang='lat' dir='ltr'><strong>Francorum</strong></span> <span class='ocrx_word' id='word_1_195' title='bbox 889 4226 975 4313; x_wconf 84' lang='lat' dir='ltr'><strong>regis</strong></span> <span class='ocrx_word' id='word_1_196' title='bbox 1008 4226 1120 4307; x_wconf 82' lang='lat' dir='ltr'><strong>frater,</strong></span> <span class='ocrx_word' id='word_1_197' title='bbox 1144 4228 1213 4292; x_wconf 85' lang='lat' dir='ltr'><strong>dux</strong></span> <span class='ocrx_word' id='word_1_198' title='bbox 1243 4227 1468 4315; x_wconf 85' lang='lat' dir='ltr'><strong>Lotharingiae</strong></span> <span class='ocrx_word' id='word_1_199' title='bbox 1501 4229 1705 4309; x_wconf 84' lang='lat' dir='ltr'><strong>Godefridus,</strong></span> 
     </span>
     <span class='ocr_line' id='line_1_29' title="bbox 488 4296 1705 4408; baseline 0.002 -12"><span class='ocrx_word' id='word_1_200' title='bbox 488 4296 577 4346; x_wconf 61' lang='lat' dir='ltr'><strong>‘hm&#39;</strong></span> <span class='ocrx_word' id='word_1_201' title='bbox 657 4352 763 4396; x_wconf 88' lang='lat' dir='ltr'><strong>comes</strong></span> <span class='ocrx_word' id='word_1_202' title='bbox 807 4329 1011 4395; x_wconf 84' lang='lat' dir='ltr'><strong>Tholosanus</strong></span> <span class='ocrx_word' id='word_1_203' title='bbox 1065 4329 1278 4408; x_wconf 87' lang='lat' dir='ltr'><strong>Reimundns,</strong></span> <span class='ocrx_word' id='word_1_204' title='bbox 1324 4332 1394 4396; x_wconf 84' lang='lat' dir='ltr'><strong>dux</strong></span> <span class='ocrx_word' id='word_1_205' title='bbox 1438 4330 1705 4398; x_wconf 89' lang='lat' dir='ltr'><strong>Normannornm</strong></span> 
     </span>
     <span class='ocr_line' id='line_1_30' title="bbox 657 4431 1705 4521; baseline 0.003 -24"><span class='ocrx_word' id='word_1_206' title='bbox 657 4433 828 4511; x_wconf 88' lang='lat' dir='ltr'><strong>Robertus,</strong></span> <span class='ocrx_word' id='word_1_207' title='bbox 851 4431 1073 4510; x_wconf 86' lang='lat' dir='ltr'><strong>Boamundus,</strong></span> <span class='ocrx_word' id='word_1_208' title='bbox 1102 4432 1173 4498; x_wconf 89' lang='lat' dir='ltr'><strong>loco</strong></span> <span class='ocrx_word' id='word_1_209' title='bbox 1203 4433 1333 4519; x_wconf 88' lang='lat' dir='ltr'><strong>Apulus</strong></span> <span class='ocrx_word' id='word_1_210' title='bbox 1355 4440 1391 4499; x_wconf 88' lang='lat' dir='ltr'><strong>et</strong></span> <span class='ocrx_word' id='word_1_211' title='bbox 1419 4439 1519 4521; x_wconf 84' lang='lat' dir='ltr'><strong>gente</strong></span> <span class='ocrx_word' id='word_1_212' title='bbox 1541 4433 1705 4500; x_wconf 89' lang='lat' dir='ltr'><strong>Norman·</strong></span> 
     </span>
     <span class='ocr_line' id='line_1_31' title="bbox 491 4533 1706 4617; baseline 0.007 -24"><span class='ocrx_word' id='word_1_213' title='bbox 491 4537 602 4594; x_wconf 68' lang='lat' dir='ltr'><strong>Omnes.</strong></span> <span class='ocrx_word' id='word_1_214' title='bbox 656 4557 728 4614; x_wconf 89' lang='lat' dir='ltr'><strong>nus,</strong></span> <span class='ocrx_word' id='word_1_215' title='bbox 761 4555 867 4600; x_wconf 91' lang='lat' dir='ltr'><strong>comes</strong></span> <span class='ocrx_word' id='word_1_216' title='bbox 901 4533 1113 4600; x_wconf 87' lang='lat' dir='ltr'><strong>Flandrensis</strong></span> <span class='ocrx_word' id='word_1_217' title='bbox 1148 4536 1322 4617; x_wconf 89' lang='lat' dir='ltr'><strong>Robertus,</strong></span> <span class='ocrx_word' id='word_1_218' title='bbox 1355 4534 1568 4602; x_wconf 84' lang='lat' dir='ltr'><strong>Carnotensis</strong></span> <span class='ocrx_word' id='word_1_219' title='bbox 1599 4558 1706 4603; x_wconf 88' lang='lat' dir='ltr'><strong>comes</strong></span> 
     </span>
     <span class='ocr_line' id='line_1_32' title="bbox 659 4636 1706 4725; baseline -0.001 -20"><span class='ocrx_word' id='word_1_220' title='bbox 659 4636 856 4725; x_wconf 87' lang='lat' dir='ltr'><strong>Stephanus,</strong></span> <span class='ocrx_word' id='word_1_221' title='bbox 880 4636 998 4702; x_wconf 85' lang='lat' dir='ltr'><strong>fratres</strong></span> <span class='ocrx_word' id='word_1_222' title='bbox 1021 4637 1114 4703; x_wconf 86' lang='lat' dir='ltr'><strong>ducis</strong></span> <span class='ocrx_word' id='word_1_223' title='bbox 1138 4636 1308 4705; x_wconf 87' lang='lat' dir='ltr'><strong>Godefridi</strong></span> <span class='ocrx_word' id='word_1_224' title='bbox 1331 4637 1544 4704; x_wconf 89' lang='lat' dir='ltr'><strong>Baldewinns</strong></span> <span class='ocrx_word' id='word_1_225' title='bbox 1567 4646 1601 4704; x_wconf 90' lang='lat' dir='ltr'><strong>et</strong></span> <span class='ocrx_word' id='word_1_226' title='bbox 1623 4640 1706 4704; x_wconf 87' lang='lat' dir='ltr'><strong>Eus-</strong></span> 
     </span>
    </p>
   </div>
   <div class='ocr_carea' id='block_1_8' title="bbox 805 4828 1700 4836">
    <p class='ocr_par' dir='ltr' id='par_1_8' title="bbox 805 4828 1700 4836">
     <span class='ocr_line' id='line_1_33' title="bbox 805 4828 1700 4836; baseline 0.002 -2"><span class='ocrx_word' id='word_1_227' title='bbox 805 4828 1133 4835; x_wconf 44' lang='grc' dir='ltr'><strong>..ρ’-.-.νή</strong></span> <span class='ocrx_word' id='word_1_228' title='bbox 1352 4829 1426 4836; x_wconf 70' lang='lat'><strong>-—</strong></span> <span class='ocrx_word' id='word_1_229' title='bbox 1436 4832 1440 4835; x_wconf 95' lang='lat'>.</span> <span class='ocrx_word' id='word_1_230' title='bbox 1479 4831 1496 4836; x_wconf 85' lang='lat'><strong>.-</strong></span> <span class='ocrx_word' id='word_1_231' title='bbox 1517 4833 1519 4835; x_wconf 97' lang='lat'><strong>.</strong></span> <span class='ocrx_word' id='word_1_232' title='bbox 1577 4831 1700 4836; x_wconf 76' lang='lat'>—--—-</span> 
     </span>
    </p>
   </div>
   <div class='ocr_carea' id='block_1_9' title="bbox 656 4938 1703 5158">
    <p class='ocr_par' dir='ltr' id='par_1_9' title="bbox 656 4938 1703 5158">
     <span class='ocr_line' id='line_1_34' title="bbox 691 4938 1703 5011; baseline 0.009 -23"><span class='ocrx_word' id='word_1_233' title='bbox 691 4940 774 4989; x_wconf 79' lang='lat' dir='ltr'><strong>¹This</strong></span> <span class='ocrx_word' id='word_1_234' title='bbox 800 4939 928 4989; x_wconf 81' lang='lat' dir='ltr'><strong>discourse</strong></span> <span class='ocrx_word' id='word_1_235' title='bbox 953 4938 977 4988; x_wconf 86' lang='lat' dir='ltr'><strong>is</strong></span> <span class='ocrx_word' id='word_1_236' title='bbox 998 4939 1107 4991; x_wconf 77' lang='lat' dir='ltr'><strong>inserted</strong></span> <span class='ocrx_word' id='word_1_237' title='bbox 1130 4942 1157 4990; x_wconf 92' lang='lat' dir='ltr'><strong>in</strong></span> <span class='ocrx_word' id='word_1_238' title='bbox 1202 4940 1285 4991; x_wconf 87' lang='lat' dir='ltr'><strong>which</strong></span> <span class='ocrx_word' id='word_1_239' title='bbox 1297 4943 1357 5007; x_wconf 79' lang='lat' dir='ltr'><strong>only</strong></span> <span class='ocrx_word' id='word_1_240' title='bbox 1367 4944 1483 5010; x_wconf 80' lang='lat' dir='ltr'><strong>partially</strong></span> <span class='ocrx_word' id='word_1_241' title='bbox 1493 4961 1580 5011; x_wconf 74' lang='lat' dir='ltr'><strong>agrees</strong></span> <span class='ocrx_word' id='word_1_242' title='bbox 1589 4946 1651 4996; x_wconf 67' lang='lat' dir='ltr'><strong>with</strong></span> <span class='ocrx_word' id='word_1_243' title='bbox 1661 4946 1703 4997; x_wconf 82' lang='lat' dir='ltr'><strong>the</strong></span> 
     </span>
     <span class='ocr_line' id='line_1_35' title="bbox 656 5018 1394 5086; baseline 0.003 -15"><span class='ocrx_word' id='word_1_244' title='bbox 656 5021 802 5071; x_wconf 82' lang='lat' dir='ltr'><strong>Wendorer</strong></span> <span class='ocrx_word' id='word_1_245' title='bbox 812 5027 838 5070; x_wconf 82' lang='lat' dir='ltr'><strong>at</strong></span> <span class='ocrx_word' id='word_1_246' title='bbox 852 5019 949 5084; x_wconf 79' lang='lat' dir='ltr'><strong>length,</strong></span> <span class='ocrx_word' id='word_1_247' title='bbox 965 5018 993 5070; x_wconf 89' lang='lat' dir='ltr'><strong>ii.</strong></span> <span class='ocrx_word' id='word_1_248' title='bbox 1004 5024 1095 5080; x_wconf 81' lang='lat'><strong>58-61,</strong></span> <span class='ocrx_word' id='word_1_249' title='bbox 1107 5022 1157 5070; x_wconf 85' lang='lat' dir='ltr'><strong>and</strong></span> <span class='ocrx_word' id='word_1_250' title='bbox 1203 5027 1260 5072; x_wconf 84' lang='lat' dir='ltr'><strong>text</strong></span> <span class='ocrx_word' id='word_1_251' title='bbox 1271 5021 1308 5072; x_wconf 82' lang='lat' dir='ltr'><strong>till</strong></span> <span class='ocrx_word' id='word_1_252' title='bbox 1319 5038 1343 5086; x_wconf 88' lang='lat' dir='ltr'><strong>p.</strong></span> <span class='ocrx_word' id='word_1_253' title='bbox 1356 5027 1394 5073; x_wconf 83' lang='grc'><strong>63.</strong></span> 
     </span>
     <span class='ocr_line' id='line_1_36' title="bbox 656 5097 1164 5158; baseline -0.004 -9"><span class='ocrx_word' id='word_1_254' title='bbox 656 5100 683 5149; x_wconf 92' lang='lat' dir='ltr'><strong>in</strong></span> <span class='ocrx_word' id='word_1_255' title='bbox 703 5097 737 5150; x_wconf 54' lang='lat' dir='ltr'><strong>m</strong></span> <span class='ocrx_word' id='word_1_256' title='bbox 754 5098 784 5149; x_wconf 89' lang='lat' dir='ltr'><strong>C.</strong></span> <span class='ocrx_word' id='word_1_257' title='bbox 801 5097 833 5148; x_wconf 93' lang='lat' dir='ltr'><strong>D.</strong></span> <span class='ocrx_word' id='word_1_258' title='bbox 853 5097 903 5148; x_wconf 83' lang='lat' dir='ltr'><strong>and</strong></span> <span class='ocrx_word' id='word_1_259' title='bbox 917 5097 956 5158; x_wconf 75' lang='lat' dir='ltr'><strong>F,</strong></span> <span class='ocrx_word' id='word_1_260' title='bbox 982 5098 1025 5149; x_wconf 81' lang='lat' dir='ltr'><strong>the</strong></span> <span class='ocrx_word' id='word_1_261' title='bbox 1043 5101 1117 5150; x_wconf 82' lang='lat' dir='ltr'><strong>latter</strong></span> <span class='ocrx_word' id='word_1_262' title='bbox 1133 5100 1164 5148; x_wconf 79' lang='lat' dir='ltr'><strong>of</strong></span> 
     </span>
    </p>
   </div>
   <div class='ocr_carea' id='block_1_10' title="bbox 0 0 2244 6388">
    <p class='ocr_par' dir='ltr' id='par_1_10' title="bbox 0 0 2244 6388">
     <span class='ocr_line' id='line_1_37' title="bbox 0 0 2244 6388; baseline 0 0"><span class='ocrx_word' id='word_1_263' title='bbox 0 0 2244 6388; x_wconf 95' lang='lat' dir='ltr'><strong> </strong></span> 
     </span>
    </p>
   </div>
  </div>
 </body>
</html>
