4442 6392
639 1161 685 1208 nr
707 1161 866 1211 rannone
888 1161 987 1211 urnis
1010 1162 1169 1228 neurim,
1193 1164 1260 1214 vm.
1283 1163 1443 1215 succum.
1501 1153 1566 1216 323

513 1337 564 1396 est
585 1331 767 1418 recognitio
791 1333 861 1397 sive
891 1333 1077 1398 recordatio
1107 1335 1278 1421 cujusdam
1304 1337 1409 1422 partis
1431 1352 1646 1408 consue-AD.
1662 1361 1733 1410 11⁶4.

512 1434 668 1498 tudinum
683 1441 718 1500 et
739 1434 933 1501 libertatum
948 1442 1192 1502 antecessorum
1207 1458 1350 1516 suornm,
1372 1439 1458 1525 regis
1473 1439 1565 1505 vide·
1596 1511 1598 1513 .

511 1535 589 1600 licet
620 1537 758 1602 Henrici
791 1536 827 1613 I.,
858 1537 914 1602 avi
945 1538 1005 1615 sui,
1040 1543 1075 1603 et
1109 1539 1259 1620 aliorum,
1291 1562 1365 1626 quae
1397 1541 1565 1608 observari

512 1639 634 1705 debent
655 1640 692 1705 in
714 1662 815 1727 regno
839 1641 882 1705 ab
906 1641 1058 1706 omnibus
1085 1647 1120 1707 et
1144 1645 1260 1723 teneri,
1281 1650 1417 1731 propter
1441 1645 1566 1711 dissen-

510 1741 618 1808 siones
641 1748 676 1808 et
698 1742 876 1809 discordias
900 1744 1021 1830 saepius
1048 1750 1252 1831 emergentes
1273 1745 1363 1811 inter
1385 1745 1509 1812 clerum
1530 1751 1566 1812 et

510 1844 597 1931 regis
614 1846 815 1930 justiciarios
838 1852 873 1910 et
888 1847 982 1932 regni
1004 1845 1197 1933 magnates.l
1246 1847 1378 1913 Harum
1393 1869 1474 1914 vero
1489 1870 1566 1915 con·

511 1947 726 2013 suetudinum
753 1946 1019 2034 recognitarum²
1043 1949 1198 2035 quaedam
1232 1971 1308 2038 pars
1340 1950 1375 2015 in
1399 1950 1565 2019 sexdecim

511 2048 665 2136 capitulis
687 2049 962 2134 subsequentibus
986 2051 1184 2117 continetur.
1578 2101 1713 2170 qPrtm

555 2151 607 2217 De
629 2153 846 2218 advocatione
871 2157 906 2218 et
927 2152 1185 2238 praesentatione
1207 2154 1415 2221 ecclesiarum
1438 2157 1466 2221 si
1489 2178 1564 2222 con·
1578 2170 1621 2220 loc

511 2255 673 2321 troversia
695 2254 864 2322 emerserit
886 2255 976 2320 inter
998 2255 1107 2333 laicos,
1123 2256 1177 2321 val
1199 2257 1288 2322 inter
1302 2256 1401 2323 laicos
1424 2265 1458 2324 et
1473 2237 1734 2357 deri-ffliffl

510 2379 572 2437 cos,
596 2357 651 2422 vel
674 2359 763 2424 inter
785 2358 927 2436 clericos,
950 2358 986 2422 in
1009 2358 1102 2424 curia
1133 2358 1259 2424 domini
1289 2360 1374 2447 regis
1403 2365 1566 2426 tractetur
1577 2371 1735 2436 soelmunt

510 2465 546 2524 et
570 2460 774 2527 terminetur.
1577 2438 1719 2559 ffi'ffm

556 2562 710 2630 Ecclesia
734 2565 775 2629 de
797 2562 896 2628 feudo
918 2563 1046 2629 domini
1068 2565 1155 2652 regis
1177 2586 1245 2630 non
1267 2571 1407 2652 possunt
1434 2567 1470 2631 in
1492 2586 1564 2653 per·
1577 2586 1661 2652 {Hoc
1673 2589 1728 2641 ale-

511 2671 648 2751 petuum
671 2665 751 2742 dari,
773 2666 896 2750 absque
919 2666 1125 2732 concessione
1147 2667 1260 2754 ipsius.
1577 2658 1650 2708 '‘¹¹³²'‘

557 2766 676 2833 Clerici
699 2766 868 2834 accusati⁸
890 2768 931 2833 de
946 2789 1139 2856 quacunque
1160 2790 1205 2851 rs,
1229 2770 1412 2835 submoniti
1426 2791 1447 2834 a
1465 2770 1565 2856 Justi-
1607 2782 1663 2833 Hoe
1706 2852 1711 2865 .

510 2870 610 2936 ciario
632 2871 728 2957 regis,
744 2871 884 2936 veniant
905 2870 942 2934 in
965 2871 1091 2936 curiam
1114 2870 1218 2958 ipsius
1240 2872 1428 2959 responsuri
1442 2870 1565 2937 ibidem
1631 2859 1728 2916 posue.

510 2973 642 3052 dehoc,
659 2973 747 3040 unde
761 2974 931 3039 videbitur
953 2973 1052 3040 curiae
1074 2975 1162 3061 regis
1186 2975 1274 3061 quod
1297 2974 1345 3039 ibi
1367 2975 1413 3040 sit
1432 2995 1567 3061 respon-

511 3076 672 3158 dendum;
696 3077 796 3163 [etin
819 3077 910 3142 curia
924 3077 1152 3158 ecclesiastica,
1175 3078 1265 3143 unde
1281 3077 1454 3143 videbitur
1477 3078 1566 3164 quod

509 3178 557 3244 ibi
571 3180 616 3243 sit
630 3178 895 3266 respondendum
907 3177 946 3265 ;]⁴
960 3180 1010 3245 ita
1023 3178 1112 3267 quod
1128 3180 1215 3267 regis
1228 3180 1436 3265 justiciarius
1451 3182 1567 3246 mittet

511 3282 547 3346 in
577 3283 702 3347 curiam
725 3287 848 3348 sanctae
871 3282 1022 3363 ecclesiae,
1053 3283 1097 3347 ad
1121 3282 1303 3348 videndum
1328 3282 1493 3370 quomodo
1515 3305 1567 3348 res

511 3383 559 3447 ibi
582 3383 789 3450 tractabitur.
836 3384 933 3448 Etsi
964 3384 1099 3449 clericus
1130 3386 1301 3451 convictus
1324 3385 1378 3451 vel
1400 3384 1567 3450 confessus

510 3485 621 3567 fuerit,
644 3507 712 3550 non
734 3485 834 3552 debet
857 3485 898 3552 de
920 3491 1030 3553 cetero
1052 3487 1188 3553 ecclesia
1210 3485 1310 3553 eum⁵
1333 3488 1432 3554 tueri

556 3589 827 3675 Archiepiscopis‚
851 3588 1009 3678 episcopis
1032 3597 1067 3657 et
1089 3591 1185 3655 claris
1207 3589 1354 3677 personis
1369 3589 1472 3676 regni,
1496 3609 1565 3653 non
1577 3605 1665 3740 wc
1705 3677 1710 3688 Ι

511 3692 589 3757 licet
607 3690 698 3757 exire
721 3713 742 3756 a
763 3711 865 3780 regno
886 3693 1009 3778 absque
1024 3693 1159 3759 licentia
1182 3692 1270 3779 regis
1281 3713 1289 3773 ;
1311 3697 1346 3758 et
1369 3691 1563 3766 siaxierint,
1650 3684 1726 3726 ’Μ

510 3794 539 3858 si
564 3796 635 3882 regi
665 3795 835 3881 placuerit,
862 3815 1014 3862 securum
1045 3816 1123 3861 eum
1152 3790 1284 3872 facient,
1317 3793 1406 3880 quod
1437 3813 1498 3859 nec
1527 3792 1564 3857 in

511 3899 619 3964 eundo
652 3918 713 3964 nec
746 3896 913 3964 redeundo
947 3898 1001 3964 vel
1030 3916 1157 3964 moram
1186 3896 1337 3964 faciendo
1371 3895 1564 3983 perquirant

510 4000 634 4065 malum
657 4001 728 4066 sive
750 4000 932 4087 dampnum
954 4000 1024 4087 rogi
1048 4000 1102 4065 vel
1125 4020 1235 4088 regno.

556 4103 845 4169 Excommunicati
871 4126 939 4169 non
970 4104 1094 4169 debent
1127 4104 1205 4169 dare
1227 4102 1363 4168 vadium
1393 4101 1436 4167 ad
1458 4118 1562 4184 rama·
1605 4115 1662 4168 11oe
1703 4187 1708 4197 ι

341 4219 602 4299 Ropwenumens,
618 4227 678 4272 nec
699 4211 856 4294 praestare
877 4204 1114 4292 juramentum,
1138 4206 1196 4271 sed
1209 4203 1344 4270 tantum
1370 4203 1506 4269 vadium
1529 4205 1564 4267 et
1628 4193 1725 4250 ΡΜ

375 4301 402 4337 ¹¹·
414 4292 471 4340 ³⁰⁰·
510 4309 657 4394 plegium
678 4307 789 4373 standi
806 4308 932 4394 judicio
955 4307 1105 4386 eoulesiae,
1130 4307 1189 4374 ubi
1211 4306 1439 4372 absolvimtur.

555 4410 646 4476 Laici
670 4429 738 4476 non
759 4411 882 4477 debent
903 4411 1055 4492 accusari,
1078 4409 1167 4476 nisi⁰
1187 4431 1246 4498 per
1267 4414 1373 4475 certos
1395 4413 1431 4474 et
1452 4407 1560 4494 legiti-
1574 4429 1660 4495 {Hoc
1672 4429 1728 4481 aze-

510 4532 581 4579 mos
602 4519 804 4579 aoeuaatores
826 4519 861 4580 et
875 4519 977 4579 testes
998 4513 1036 4578 in
1050 4514 1228 4601 praesentia
1241 4508 1392 4599 episcopi,
1407 4510 1459 4576 ita
1473 4509 1562 4596 quod
1573 4500 1647 4548 '⁰⁰¹³-

730 4663 842 4669 ..ο-...-
1040 4663 1292 4669 ----—.-—.—...
1315 4659 1561 4668 —w-—Q

512 4745 513 4748 ’
544 4737 699 4803 'mapautes]
724 4737 893 4803 magnatibus,
915 4734 957 4788 W.
976 4736 1009 4787 A.
1057 4732 1124 4800 plied
1142 4733 1209 4784 from
1220 4732 1306 4786 W.A.
1319 4731 1402 4793 c.1).,
1418 4733 1469 4782 and
1487 4746 1515 4782 ro
1534 4733 1560 4780 iu

510 4815 539 4867 C.
551 4816 586 4868 D.
1057 4814 1134 4865 Gerv.
1146 4812 1249 4875 chron,
1263 4812 1311 4863 col.
1326 4816 1398 4863 lese.

542 4895 756 4962 'recopslturuffl
798 4893 1010 4963 sanguinium.
1089 4892 1177 4958 ἀπε]
1196 4891 1343 4943 Interlined

508 4973 565 5026 MS.
1089 4972 1173 5037 ‘uisiJ
1192 4987 1247 5032 nec,
1264 4971 1321 5022 MS.
1345 4973 1394 5020 and
1417 4971 1446 5021 F.
1488 4971 1559 5022 car.

544 5055 692 5121 ’coenulfi
711 5055 814 5118 scutati,
825 5054 883 5109 MS.
1057 5052 1122 5104 from
1133 5050 1175 5103 W.
1186 5053 1220 5103 Δ.
1231 5052 1259 5106 C·
1268 5052 1300 5102 D·
1390 5084 1398 5094 ·

544 5134 623 5210 ‘elin
641 5170 706 5187 ....
723 5132 924 5201 respondendum]
948 5133 1012 5197 διψ-
1405 5204 1424 5262 2

1364 5216 1388 5262 X
