4442 6392
683 1157 730 1205 DE
753 1156 915 1207 TEMPORE
936 1158 1037 1208 annm
1061 1159 1218 1219 flnrsslcl,
1242 1160 1308 1209 vm.
1333 1161 1493 1210 SECUNDI.
1549 1150 1616 1216 327

539 1332 671 1417 'potius
694 1355 793 1419 quam
816 1333 1056 1414 resistentibus,
1082 1334 1286 1421 usurpabat.¹
1335 1335 1478 1402 Thomas
1500 1337 1781 1425 igitur,A.1).11os.

560 1435 808 1501 Oantuariensis
834 1435 1106 1524 archiepiscopus,
1129 1438 1165 1502 in
1187 1460 1222 1502 se
1247 1459 1405 1517 reversus,
1428 1461 1502 1504 eum
1525 1440 1614 1528 leges

558 1538 688 1624 iniquas
717 1545 752 1604 et
782 1539 935 1604 omnihus
958 1538 1084 1605 Christi
1118 1541 1272 1606 fidelibus
1302 1542 1515 1608 detestandas
1537 1565 1612 1609 eon·

556 1641 711 1720 cessisset,
747 1647 781 1707 et
814 1664 869 1707 eas
902 1642 1076 1707 ohservare
1109 1643 1301 1729 juramento
1335 1644 1506 1725 firmasset,
1541 1668 1610 1711 rem

555 1749 677 1809 temere
700 1749 923 1830 perpetratam
947 1745 1125 1831 diligenter
1146 1748 1347 1824 examinans,
1371 1747 1513 1834 seipsum
1536 1770 1611 1835 gra·

556 1847 643 1911 viter
664 1845 795 1922 afflixit,
818 1847 862 1910 ab
884 1847 1000 1912 altaris
1022 1848 1127 1913 officia
1151 1870 1184 1913 se
1208 1848 1414 1928 subtrahens,
1429 1850 1532 1916 donec
1554 1872 1612 1937 per

556 1949 788 2014 confessionem
809 1954 844 2014 et
862 1949 1042 2037 condignos
1064 1953 1274 2037 poenitentiae
1297 1951 1423 2017 fmctm
1443 1975 1464 2016 a
1482 1974 1610 2019 summo

556 2053 710 2138 pontifice
734 2052 862 2118 absolvi
887 2055 1127 2139 permansisset.
1158 2055 1262 2119 *Nam
1298 2055 1373 2137 ilico
1399 2056 1537 2121 nuncios
1566 2057 1609 2122 ad
1622 2069 1756 2120 mdsends

556 2155 743 2220 Romanum
780 2155 971 2241 pontificem
1001 2157 1157 2242 dirigens,
1193 2158 1272 2221 dum
1303 2179 1434 2222 causam
1465 2159 1608 2225 ecclesias
1621 2135 1777 2255 {giffigss

553 2263 587 2323 et
617 2281 709 2323 suam
740 2259 783 2323 ad
813 2259 936 2323 summi
975 2261 1118 2345 pastoris
1158 2261 1194 2323 in
1234 2260 1350 2325 cedula
1390 2262 1606 2348 conscriptam
1620 2269 1724 2320 fremit.

553 2361 790 2426 transmisisset
823 2361 1067 2447 cognitionem,‘·'
1101 2361 1143 2425 ab
1178 2361 1389 2448 obligatione,
1424 2385 1522 2450 quam
1557 2365 1607 2429 in-

551 2463 699 2528 consulte
729 2463 860 2542 inierat,
888 2463 1130 2528 absolutionem
1161 2465 1269 2549 petiit,
1292 2468 1326 2528 et
1357 2485 1428 2528 eam
1461 2488 1518 2551 per
1547 2466 1607 2531 has

552 2566 664 2630 literas
700 2566 916 2655 impetravit:
954 2564 1173 2630 “Alexander
1197 2566 1375 2652 episcopus,
1399 2589 1514 2632 servus
1536 2591 1604 2634 ser·
1617 2577 1677 2626 null
1690 2578 1720 2626 of

552 2690 670 2733 vorum
693 2666 784 2746 Dei,''
807 2672 867 2735 etc.
914 2668 956 2731 In
975 2667 1057 2733 Vita
1079 2667 1170 2733 beati
1194 2667 1329 2734 Thomae
1351 2670 1515 2757 reperies.⁸
1615 2644 1713 2760 {332}
1705 2646 1768 2760 [¹1⁰1x

1615 2775 1734 2855 seles

1615 2843 1668 2893 lnm
1679 2844 1751 2894 abso
1866 2883 1869 2890 .

1615 2909 1704 2960 lution.

536 3019 539 3026 '
639 3005 711 3071 Res
734 3002 884 3080 (haesit,
907 3009 948 3069 at
970 3025 994 3069 a
1017 3002 1118 3069 laicis
1140 3001 1257 3091 cleriei
1275 3002 1501 3090 partirentur.

380 3163 538 3242 respirem
596 3171 721 3235 Eodem
743 3190 831 3234 anno
854 3190 914 3234 rex
938 3168 1102 3233 Henricus
1126 3167 1171 3234 ΙΙ.
1196 3168 1310 3234 volens
1334 3169 1370 3233 in
1392 3169 1540 3257 singulis,
1564 3177 1745 3265 utTheling

413 3238 509 3283 ΗΜ
550 3272 687 3350 dicebat,
720 3271 881 3338 maleficia
918 3271 1033 3338 debita
1074 3293 1147 3337 cum
1190 3272 1368 3338 severitate
1404 3275 1531 3360 punire,
1568 3266 1755 3387 ‘’lfflffi„

549 3376 771 3462 cujuscunque
810 3373 937 3440 ordinis
974 3374 1176 3461 dignitatem
1218 3375 1260 3440 ad
1302 3375 1476 3463 iniquum⁴
1511 3377 1600 3441 trahi
1614 3386 1753 3464 tomas

548 3478 768 3565 dispendium,
789 3474 1032 3564 incongruum⁶
1062 3498 1132 3542 esse
1162 3477 1303 3542 asseruit
1332 3477 1465 3542 clericos
1490 3502 1511 3542 a
1533 3478 1601 3543 suis
1609 3455 1741 3583 ᾕξᾱωζ

394 3588 438 3639 ror.
452 3591 516 3640 ara.
542 3580 736 3667 justiciariis
775 3579 811 3645 in
837 3579 984 3666 publico
1023 3579 1152 3666 flagitio
1188 3579 1409 3666 deprehensos
1450 3580 1715 3666 episcopodiction.

523 3683 608 3749 ·looi
638 3683 768 3748 tradere
798 3681 986 3768 impunitos.
1044 3680 1199 3747 Decrevit
1230 3681 1328 3760 enim,
1351 3687 1391 3747 ut
1421 3703 1503 3768 quos
1533 3682 1601 3769 epi·

546 3787 634 3872 scopi
674 3784 852 3851 inveniunt
881 3784 1050 3860 obnoxios,
1084 3788 1247 3870 praesente
1277 3784 1364 3870 regis
1401 3783 1598 3868 justitiario,

546 3893 805 3965 exauctorarent,
841 3892 875 3952 et
905 3893 980 3973 post
1010 3887 1109 3952 curiae
1144 3886 1231 3972 regis
1261 3885 1431 3950 traderent
1461 3885 1599 3971 punien-

545 3989 612 4056 dos.
666 3990 709 4054 In
733 3990 936 4056 eontrarium
959 3988 1126 4055 sentiebat
1156 3986 1416 4074 archiepiscopus
1446 3986 1597 4068 Thomas,

545 4097 585 4156 ut
614 4115 695 4178 quos
724 4095 978 4158 exauctorarent
1001 4088 1152 4178 episcopi,
1185 4112 1207 4154 a
1237 4109 1338 4154 manu
1369 4087 1477 4153 laicali
1508 4094 1598 4175 post·

835 4286 1018 4294 mon-⁵
1030 4286 1101 4292 *-
1108 4286 1119 4291 -
1126 4285 1138 4290 -
1147 4282 1398 4291 ..--.-....---...

578 4405 748 4475 1ιιειιφαὶιαε]
768 4406 928 4471 ruurpabant,
940 4404 997 4456 MS.
1069 4399 1338 4464 :turonensisc
1387 4399 1444 4449 The
1461 4399 1549 4450 “Vita
1566 4400 1596 4450 B.

577 4486 768 4554 ’vomitionem
782 4484 1047 4552 congnlclonern,hlS.
1068 4460 1072 4521 l
1092 4482 1223 4542 Thomn,”
1235 4481 1295 4531 here
1311 4480 1362 4529 and
1379 4479 1516 4530 elsewhere
1526 4493 1597 4530 men·

578 4565 662 4621 mna
674 4604 699 4617 ..
716 4565 853 4632 ‚reptem
873 4564 1047 4617 masma
1068 4528 1071 4625 l
1091 4562 1184 4618 sones,
1209 4560 1232 4609 s
1259 4560 1302 4610 ne
1330 4559 1386 4610 rm
1413 4560 1449 4624 sy
1470 4557 1542 4611 noan
1570 4559 1601 4608 or

543 4662 630 4698 areos
645 4660 795 4704 marmure,
807 4646 866 4706 and,
877 4659 912 4696 no
923 4642 1048 4706 donbw
1068 4638 1071 4683 Ι
1092 4642 1224 4707 Salisbury
1234 4644 1287 4695 sud
1305 4640 1398 4702 others,
1409 4638 1542 4707 published
1560 4640 1595 4707 by

542 4724 680 4792 originally
702 4725 810 4785 wdtten,
840 4722 968 4775 reference
995 4737 1047 4773 vas
1092 4722 1188 4789 Lupus.

542 4808 615 4857 made
626 4812 653 4856 to
669 4805 713 4856 the
730 4804 814 4870 larges
824 4802 961 4854 Chronicle
972 4801 1000 4852 in
1011 4801 1046 4851 Α.
1125 4802 1268 4868 ⁴iniqaam]
1287 4801 1394 4867 iniqurn,
1404 4800 1461 4854 MS.

543 4886 572 4938 C.
585 4885 628 4949 1),
638 4883 723 4936 where
733 4883 778 4935 the
788 4882 842 4935 tull
853 4882 877 4933 ls
894 4881 1005 4934 inserted
1021 4887 1048 4931 st
1124 4879 1314 4948 ἰἰιοοιιφηκιιι]
1359 4895 1507 4947 congruum,
1535 4878 1593 4932 MS.

543 4962 640 5031 length,
655 4964 706 5018 aad
723 4978 752 5015 so
769 4963 822 5015 also
838 4961 867 5012 ln
883 4960 913 5013 T.
949 4959 1046 5011 Itisin
1091 4957 1380 5015 causamme.
1393 4958 1427 5010 D.

541 5044 614 5110 Epp,
625 5038 697 5094 libi.
712 5042 794 5108 Ἀρὰ.
806 5041 882 5106 Impl,
898 5045 962 5093 lesa
976 5061 983 5101 ;
995 5039 1045 5092 rol.
