4442 6392
714 1185 942 1238 namurcen
965 1185 1067 1236 sams
1090 1186 1246 1250 nnnnrcr,
1269 1187 1335 1239 vrz.
1360 1188 1468 1239 rann.
1561 1173 1624 1239 193
1645 1216 1650 1227 -

572 1475 743 1560 Quonroclc
769 1475 875 1542 mailli
898 1475 1026 1542 nobiles
1041 1475 1284 1543 Jcroeolc'mcm
1303 1478 1454 1564 profecti,
1475 1478 1623 1565 inama-
1635 1490 1704 1544 Ab.
1719 1497 1793 1544 noa.

697 1578 782 1645 toris
807 1578 1187 1665 Conatoctinopoltlani
1210 1579 1285 1646 dolo
1303 1580 1493 1666 perierunt.

399 1743 559 1824 neewerc.
617 1732 712 1798 Circa
734 1732 804 1797 dies
826 1732 899 1797 illos
930 1732 1028 1797 multi
1060 1733 1187 1798 nobiles
1221 1734 1261 1800 de
1293 1735 1415 1800 finibus
1446 1736 1624 1804 occidentia
1636 1748 1718 1814 Many

435 1825 460 1863 '¹'
476 1817 529 1865 ¹⁷³·
570 1836 795 1923 crucesignati,
811 1835 854 1899 ad
873 1835 939 1900 iter
952 1858 1020 1902 suae
1035 1837 1309 1923 peregrinationis
1324 1860 1358 1902 se
1372 1836 1381 1873 ¹
1406 1838 1622 1926 accingentes,
1635 1817 1793 1934 ζξὲιζὶζξο

570 1938 667 2003 duces
688 1938 877 2003 habuerunt
900 1937 1077 2024 Hugonem
1099 1939 1266 2026 Magnum,
1282 1939 1434 2006 comitem
1450 1940 1623 2007 Virornan·
1635 1948 1767 2009 thecroa,

569 2041 710 2116 densem,
734 2041 792 2127 qui
822 2062 928 2127 nuper
958 2040 1000 2105 ab
1033 2041 1147 2107 eadem
1176 2044 1439 2129 peregrinatione
1469 2044 1621 2125 redierat,
1635 2015 1793 2147 ξζζξῑῃᾝὲ

569 2142 786 2229 Stephanum,
813 2143 1049 2210 Carnotensem
1073 2149 1108 2208 ct
1129 2143 1341 2210 Blesensem²
1363 2132 1525 2225 comitem,
1547 2169 1620 2212 cum

569 2246 747 2333 Stephano,
770 2247 889 2311 comite
913 2244 1155 2334 Burgundensi.
1202 2246 1262 2312 Hii
1286 2269 1398 2314 omnes
1412 2271 1479 2315 unc
1495 2250 1624 2315 eodem-

569 2370 632 2434 que
655 2348 817 2415 desiderio
840 2349 974 2426 accensi,
997 2370 1072 2414 cum
1094 2349 1197 2415 turba
1223 2372 1290 2415 non
1312 2351 1440 2418 modica
1464 2352 1625 2419 Constan-

568 2451 743 2537 tinopolim
780 2455 1010 2539 pervenerunt.
1080 2451 1152 2516 Ubi
1188 2451 1231 2516 ab
1268 2452 1467 2539 imperatore
1508 2455 1623 2522 Alexio

568 2558 756 2620 reverenter
778 2555 836 2620 sed
859 2554 969 2620 dolose
991 2554 1143 2640 suscepti,
1169 2554 1371 2621 invenerunt
1397 2557 1444 2621 ibi
1470 2556 1623 2623 comitem

568 2655 797 2732 Tholosanum,
821 2657 888 2741 qui,
911 2654 1035 2722 semel³
1058 2655 1323 2742 peregrinatione
1352 2657 1493 2746 incepta,
1515 2682 1622 2746 perse·
1636 2681 1786 2749 Theyeuet

568 2780 682 2823 verare
714 2762 749 2825 st
778 2779 950 2844 nunquam
983 2757 1027 2822 ad
1059 2759 1190 2844 propria
1223 2766 1437 2847 proposuerat
1469 2783 1622 2829 remeare.
1636 2750 1767 2867 ssffim

570 2861 637 2941 Qui
670 2882 791 2939 omnes,
818 2865 952 2948 sumpta
983 2860 1025 2926 ab
1057 2862 1256 2948 imperatore
1294 2862 1436 2945 licentia,
1469 2832 1793 2943 comitemlhlehui’ll,se

568 2963 788 3029 Tholosanum
803 2970 885 3029 tunc
900 2985 959 3050 pro
975 2962 1057 3030 duce
1071 2986 1201 3030 summo
1218 2965 1467 3046 constituentes,
1481 2968 1624 3035 transito
1634 2951 1786 3067 ξζξῇζῇζ

569 3067 795 3154 Hellesponto,
812 3065 845 3129 N
847 3064 980 3132 icaeam⁴
997 3067 1157 3134 Bithiniae
1173 3069 1286 3133 urbem
1303 3070 1496 3155 attigerunt.
1530 3071 1623 3138 Tunc
1635 3074 1713 3146 ponc*

569 3169 748 3257 imperator
769 3169 920 3247 Alexim,
940 3170 1090 3256 proditor
1111 3171 1340 3256 nequissimus,
1364 3177 1552 3240 nostrorum
1575 3175 1626 3240 in·
1638 3165 1763 3216 T¹⁸⁸⁰¹¹0⁴

569 3273 686 3338 videns
723 3269 933 3351 successibus,
971 3271 1175 3359 principibus
1216 3273 1407 3352 Trucorum,
1441 3297 1500 3362 per
1544 3247 1787 3363 quosllliiilla

570 3375 735 3463 peregrini
756 3375 930 3440 transituri
954 3378 1058 3453 erant,
1089 3373 1219 3440 crebras
1251 3377 1437 3443 transmisit
1463 3379 1626 3466 epistolas,
1639 3379 1752 3481 {iffi}

570 3478 749 3544 exhortans
771 3477 940 3554 attentius,
963 3496 1005 3542 ne
1027 3479 1162 3543 tantum
1179 3477 1443 3544 Christianorum
1467 3480 1626 3567 populum
1751 3468 1757 3480 ’

569 3581 671 3647 libere
694 3581 835 3648 transire
857 3581 893 3645 in
916 3601 1009 3645 suam
1041 3580 1218 3666 perniciem
1250 3585 1450 3667 paterentur.
1508 3580 1627 3648 Nostri

570 3687 682 3749 autem
712 3683 811 3747 nimis
841 3682 1026 3747 inconsulte
1056 3687 1201 3768 agentes,
1225 3688 1259 3747 et
1282 3682 1332 3747 nil
1362 3683 1533 3749 sinistrum
1556 3706 1626 3752 sus-

572 3789 727 3875 picantes
765 3787 881 3853 divisis
917 3785 1105 3873 agminibus
1149 3785 1354 3862 incedebant,
1392 3785 1627 3876 vinculumque
1640 3798 1719 3850 Great

551 3892 721 3957 .oaritatis
736 3913 803 3956 non
826 3890 993 3967 habentes,
1008 3889 1087 3954 facti
1108 3892 1188 3953 sunt
1202 3887 1296 3973 quasi
1311 3888 1432 3954 arcna⁶
1454 3891 1525 3955 sine
1541 3890 1627 3957 calce
1639 3866 1772 3982 {peragente

553 3995 616 4059 ·ad
638 3993 914 4060 constructionem
938 3990 1061 4057 divinae
1083 3990 1272 4055 mansionis.
1330 3990 1431 4057 Unde
1453 3991 1524 4057 dati
1547 3999 1771 4058 sunterusaders

573 4097 608 4161 in
624 4118 750 4173 manus,
765 4095 850 4162 heu!
873 4095 958 4160 heu!
980 4093 1212 4159 insidiantium
1236 4092 1390 4171 hostium,
1407 4094 1457 4159 ita
1479 4095 1568 4180 quod
1585 4118 1627 4161 ex
1639 4064 1732 4181 {lull}

574 4200 622 4264 eis
644 4220 711 4263 una
741 4197 794 4264 die
825 4197 861 4262 in
896 4217 951 4264 ors
982 4195 1084 4283 gladii
1119 4195 1293 4283 plusquam
1317 4195 1501 4284 quingenta
1534 4197 1628 4263 milia

575 4308 828 4388 peremptorum,
867 4300 955 4385 quod
998 4299 1106 4365 relatu
1151 4297 1290 4384 lugubre
1331 4303 1390 4376 cst,
1431 4299 1626 4366 ceciderunt.

402 4414 563 4481 unguens.
577 4403 704 4484 Quibus
719 4409 830 4470 autem
853 4403 969 4467 datum
993 4406 1043 4466 est
1057 4401 1203 4466 hostium
1218 4421 1336 4464 manus
1357 4401 1508 4487 effugere,
1530 4403 1629 4467 nmis·

437 4483 463 4534 ³5·
481 4486 535 4533 ¹⁷⁴·
575 4503 1098 4593 sisomnibus,apudTha1sum
1127 4501 1252 4568 Ciliciae
1282 4508 1515 4569 convenerunt.
1573 4505 1627 4585 Et,

957 4692 1107 4698 ——..-—-.
1126 4690 1216 4695 -—-—>
1251 4688 1469 4695 ..ῳ-
1480 4691 1625 4700 ——.—

609 4806 667 4872 ἐι]
687 4805 833 4856 Interlined
1122 4800 1183 4852 then
1201 4798 1296 4849 altered
1313 4803 1340 4847 to
1357 4797 1437 4861 cimel,
1454 4802 1505 4852 ond
1515 4818 1544 4854 so
1559 4803 1586 4855 iu
1598 4804 1628 4855 F.

609 4884 784 4949 ²Blccensem]
804 4881 860 4933 The
878 4882 934 4933 MS.
947 4881 1078 4941 rendaer·
1123 4881 1179 4931 'she
1196 4885 1294 4929 correct
1313 4878 1420 4944 reading
1446 4880 1513 4931 isin
1533 4883 1576 4935 W.
1594 4885 1630 4936 Λ.

575 4964 718 5028 roncoualy,
743 4962 924 5012 Curnotensem.
959 4960 997 5010 El
1019 4959 1078 5009 Ble·
1099 4938 1102 4982 l
1124 4959 1152 5010 C.
1166 4960 1197 5009 1).

576 5059 675 5103 cererem,
687 5057 714 5091 as
727 5042 749 5090 is
757 5042 826 5091 there
837 5056 903 5091 were
911 5048 1078 5103 twopersons.
1157 5034 1305 5099 ‘Nicauaq
1325 5035 1457 5096 Nicheam,
1465 5038 1522 5090 MS.

610 5119 713 5192 ἐρωεῖ]
732 5121 771 5171 At
779 5119 833 5171 fint
841 5120 939 5171 written
947 5117 1079 5179 rimasse
1100 5158 1104 5183 ¹
1158 5115 1272 5181 ⁸o7m0]
1292 5117 1396 5177 hacun,
1407 5117 1464 5168 MS.

1467 5214 1493 5262 N
