4442 6392
667 1165 710 1227 40
785 1178 951 1230 usrrsm
975 1177 1190 1229 rasrsrsusls
1213 1179 1377 1229 nrsrosm
1399 1178 1601 1231 arenosum

498 1352 567 1410 M).
582 1347 760 1413 maenium
787 1347 823 1412 in
853 1347 967 1413 Seocie
996 1346 1178 1426 inchoaret,
1199 1370 1274 1434 quae
1295 1346 1385 1434 pacis
1407 1350 1501 1413 erant
1527 1346 1737 1435 suppliciter.

667 1450 838 1538 postulare.
885 1451 968 1516 Erat
983 1450 1071 1516 enim
1094 1450 1183 1517 idem
1205 1472 1264 1516 rex
1280 1449 1511 1537 M[alcolmus],
1527 1450 1605 1515 lieet
1619 1450 1737 1514 armis.

668 1552 920 1631 strenuissimus,
943 1553 997 1619 vir
1028 1552 1281 1639 circumspectus
1303 1558 1339 1619 et
1368 1553 1544 1630 modestus,
1568 1557 1603 1617 et
1628 1551 1737 1616 omni.

668 1655 827 1743 preditus
852 1656 1037 1721 sanctitate
1083 1654 1229 1720 Veniens
1255 1655 1360 1742 igitur
1383 1655 1427 1720 ad
1453 1676 1563 1741 regem
1587 1653 1738 1740 Angliae.

669 1758 880 1835 willelmum,
920 1757 1110 1824 humilitate
1148 1780 1208 1824 sua
1245 1757 1331 1844 regis
1370 1757 1466 1823 flexit
1498 1756 1738 1837 ferocitatem.

668 1883 815 1928 asserens
846 1883 881 1928 se
918 1860 1049 1926 nullum
1079 1861 1225 1927 hostium
1259 1882 1392 1926 suorum
1426 1857 1634 1947 receptasse¹
1665 1859 1738 1925 vel.

667 1974 876 2054 recepturum
899 1966 976 2045 fore,
991 1967 1057 2031 nisi
1079 1967 1141 2032 tali
1162 1967 1357 2044 intentione,
1379 1971 1420 2032 ut
1440 1967 1528 2054 ipsos
1551 1965 1738 2031 dominum.

668 2093 765 2137 suum
787 2075 1062 2156 recognoscentes,
1085 2069 1166 2155 regi,
1188 2068 1455 2154 persuasionibus
1481 2068 1550 2133 suis
1572 2068 1739 2133 median..

666 2173 767 2252 tibus,
790 2171 942 2237 redderet
964 2170 1152 2258 pacificatos
1167 2176 1202 2236 et
1223 2170 1394 2236 fideliores.
1440 2170 1596 2257 Mitigato
1617 2171 1740 2256 igitur.

667 2274 737 2362 regi
762 2273 927 2339 Willelmo
958 2294 1018 2337 rex
1049 2273 1222 2339 Scotorum
1245 2272 1468 2359 M[alcolmus]
1500 2272 1579 2339 fecit
1607 2272 1739 2338 homa·

667 2378 760 2466 gium
784 2380 819 2442 et
841 2374 1038 2442 fidelitatem
1053 2400 1061 2455 ;
1085 2378 1120 2440 et
1136 2376 1183 2440 sie
1197 2375 1327 2462 maguis
1349 2375 1530 2442 honoratus
1546 2374 1740 2450 donativis·

666 2480 711 2546 ad
732 2478 864 2566 propria
886 2500 961 2544 oum
984 2477 1203 2565 prosperitate
1225 2477 1393 2544 remeavit.

734 2804 824 2872 Nota
845 2805 934 2891 repis
957 2805 1132 2872 Scotorum
1153 2802 1329 2870 Malootmc'
1350 2802 1654 2890 mcpnptceotiom.

715 2964 880 3045 Quoniam
904 2964 945 3030 de
967 2986 1043 3051 rege
1066 2963 1238 3031 Scotorum
1263 2963 1435 3030 Maloolmo
1456 2968 1638 3031 tractatum
1661 2970 1720 3042 est,
1750 2973 1865 3040 cesog.

668 3089 736 3133 non
758 3065 902 3132 arbitror
916 3066 1060 3131 alienum
1083 3089 1104 3130 a
1126 3066 1265 3132 materia
1287 3066 1357 3153 ejus
1371 3066 1538 3153 quandam
1552 3067 1740 3132 enucleare·
1758 3042 1850 3160 Ἓξ·

668 3169 954 3256 magnificentiam.
1013 3168 1165 3256 Contigit
1198 3173 1237 3234 ut
1276 3169 1411 3255 quidam
1443 3170 1570 3234 nobiles
1607 3175 1740 3241 contra.

669 3273 779 3359 ipsum
810 3270 846 3334 in
877 3292 978 3357 regno
1009 3292 1068 3335 suo
1099 3271 1350 3357 conspirassent,
1384 3271 1434 3335 ita
1468 3276 1507 3337 ut
1539 3272 1577 3336 in
1609 3293 1740 3338 necem.

668 3395 762 3439 suam
778 3372 902 3438 occulte
917 3371 1150 3457 conjurassent,
1174 3373 1318 3460 quodam
1341 3373 1515 3461 proditore,
1537 3374 1595 3460 qui
1617 3375 1739 3439 omni·

667 3477 730 3542 bus
764 3476 934 3540 videretur
966 3475 1071 3561 major
1106 3497 1145 3540 ae
1181 3475 1305 3555 fortior,
1329 3476 1561 3556 machinante3
1591 3477 1649 3563 qui
1686 3499 1740 3542 se·

668 3578 770 3644 etiam
781 3577 932 3664 jactabat
948 3598 1059 3664 regem
1074 3582 1330 3665 perempturum.
1376 3577 1459 3643 Haec
1473 3582 1586 3643 autem
1601 3579 1740 3658 omnia„

668 3703 742 3748 oum
776 3700 835 3766 per
856 3679 969 3745 fideles
994 3700 1071 3745 suos
1092 3680 1163 3767 regi
1185 3678 1415 3759 innotuissent,
1439 3679 1625 3745 convocetis
1647 3702 1740 3747 oum·

667 3783 738 3871 ipso
768 3782 933 3870 proditore
963 3782 1058 3848 sociis
1090 3788 1126 3848 et
1156 3782 1378 3863 venatoribus,
1402 3783 1431 3847 it
1465 3788 1629 3848 venatum.
1676 3783 1740 3848 Et-

667 3907 743 3953 cum
774 3885 817 3950 ad
851 3885 1016 3971 quendam
1042 3885 1164 3950 saltum
1195 3885 1372 3965 venissent,
1404 3883 1557 3950 omnibus
1587 3888 1740 3951 semotis·

668 4012 710 4055 ex
740 3988 905 4053 industria
934 3987 1030 4053 sociis
1056 3994 1090 4054 et
1122 3988 1344 4065 venatoribus,
1376 3993 1514 4074 excepto
1545 3988 1613 4053 solo
1646 4011 1739 4075 pro-·

669 4093 784 4170 ditore,
809 4112 869 4155 rex
900 4089 957 4167 ait,
991 4095 1009 4126 “
1026 4089 1118 4170 Ecce,
1151 4111 1211 4176 ego
1244 4093 1278 4154 et
1299 4092 1340 4154 tu
1361 4111 1497 4166 meeum,
1527 4089 1616 4155 solus
1648 4113 1721 4155 cum

669 4194 762 4273 sole,2
804 4191 967 4257 similibus
1000 4193 1092 4278 equis
1136 4197 1171 4257 et
1205 4191 1303 4256 armis
1339 4191 1427 4257 vecti
1454 4197 1489 4257 et
1519 4193 1719 4258 communiti.

669 4297 804 4363 Nullius
824 4309 973 4361 nostrum
994 4294 1109 4359 melior
1132 4293 1283 4360 conditio,
1323 4293 1359 4359 Si
1381 4293 1486 4380 igitur
1507 4294 1597 4374 velis,
1621 4297 1721 4361 audes

669 4405 705 4465 et
727 4400 824 4478 vales,
856 4398 988 4463 ensibus
1020 4397 1148 4462 eductis
1170 4397 1336 4462 fortunam
1367 4397 1468 4462 duelli
1491 4398 1719 4483 experiamur3

671 4507 706 4568 et
728 4501 827 4566 redde
850 4498 1001 4565 hostibus
1022 4498 1113 4576 meis,
1128 4497 1341 4586 complicibus
1363 4498 1453 4578 tuis,³
1468 4521 1520 4564 me
1536 4522 1634 4584 quem
1648 4523 1721 4587 pro·

673 4603 792 4668 misisti
815 4601 1054 4667 detruncatum.
1101 4601 1138 4667 Si
1172 4602 1260 4666 enim
1289 4623 1342 4666 me
1364 4601 1577 4666 occidendum
1601 4625 1720 4690 speras,

672 4704 802 4795 quando
841 4704 980 4769 meliust
1014 4703 1147 4790 quando
1186 4703 1363 4769 secretius?
1400 4705 1533 4789 quando
1568 4706 1721 4772 virilius?

1098 4907 1201 4914 *-
1215 4908 1240 4913 ....
1255 4907 1720 4917 -.—-—-—-——-——---—-.-..a

704 5040 871 5106 ’πηρωθῇ
891 5041 930 5090 At
948 5040 1004 5090 first
1021 5040 1119 5090 written
1143 5057 1169 5090 se
1248 5039 1332 5106 ²solo]
1352 5041 1446 5091 Added
1457 5042 1483 5092 in
1495 5058 1575 5110 marg.

670 5130 812 5189 temptasse,
823 5121 868 5170 but
878 5136 904 5170 se
915 5121 1008 5170 erased
1250 5122 1260 5150 ³
1271 5120 1333 5186 trie]
1352 5121 1499 5172 interliued.
