4442 6392
578 1177 625 1226 nn
647 1176 808 1227 rauronn
829 1175 931 1225 naurs
953 1175 1125 1225 wrmmm
1148 1176 1308 1239 sucurmr,
1329 1175 1396 1226 vrn
1415 1175 1509 1226 surr.
1543 1162 1608 1227 153

558 1353 657 1440 Capti
679 1357 759 1418 sunt
781 1355 894 1417 tamon
917 1350 1052 1437 quidam
1075 1372 1118 1416 ex
1140 1350 1271 1427 eisdem,
1287 1371 1427 1436 quorum
1449 1350 1609 1416 relatione
1621 1359 1691 1411 Aa).
1704 1366 1775 1412 loss.

556 1456 598 1523 de
635 1455 782 1520 hostium
819 1454 986 1542 proposito
1024 1454 1132 1520 edocti
1165 1458 1329 1519 nostrates
1360 1452 1606 1540 cognovemnt,¹

557 1558 645 1646 quod
667 1559 819 1645 princeps
849 1562 1059 1636 memoratus,
1081 1556 1140 1643 qui
1165 1556 1270 1642 juxta
1299 1578 1354 1621 eos
1376 1557 1420 1621 ad
1442 1557 1497 1622 vii.
1521 1556 1609 1621 mili·

556 1662 628 1727 aria
649 1666 756 1727 cestra
779 1664 949 1738 statuerat,
965 1664 1042 1747 post
1063 1658 1203 1724 biduum
1226 1658 1378 1724 accedere
1400 1664 1435 1724 et
1456 1664 1608 1724 nostrum

556 1763 680 1830 desub
703 1762 786 1828 coelo
808 1762 916 1828 delere
939 1762 1122 1828 exercitum
1145 1763 1321 1849 cogitabat
1367 1763 1474 1827 Erant
1496 1767 1608 1826 autem

556 1866 661 1932 nostri
684 1887 823 1931 numero
846 1865 940 1952 quasi
969 1864 1060 1929 mille
1092 1865 1220 1951 equites
1250 1869 1285 1930 et
1314 1865 1457 1941 ducenti,
1481 1864 1608 1951 pedites

557 1992 635 2035 vero
658 1969 752 2055 quasi
774 1990 834 2034 sex
856 1968 949 2034 milia
977 1967 1152 2035 numerati.
1199 1966 1265 2047 Qui
1292 1989 1405 2032 omnes
1428 1966 1468 2032 de
1491 1967 1608 2053 proelio

552 2072 624 2158 jam
646 2071 736 2150 certi,
758 2093 877 2137 novem
899 2070 985 2136 acies
1015 2070 1196 2147 instruunt,
1220 2092 1360 2156 quarum
1391 2075 1459 2134 tres
1481 2092 1609 2157 praepo-

557 2179 654 2256 nunt,
669 2180 736 2239 tres
757 2173 869 2239 locant
886 2174 923 2238 in
945 2173 1064 2254 medio,
1080 2177 1116 2238 et
1138 2177 1206 2238 tres
1229 2172 1382 2258 subsequi
1402 2173 1607 2259 praecipiunt,

558 2282 605 2355 ut,
628 2277 855 2363 undecumque
886 2277 929 2341 ad
961 2297 1016 2341 eos
1046 2275 1194 2341 hostium
1230 2275 1291 2340 fiat
1321 2297 1476 2355 accessus,
1499 2276 1609 2362 tripli·

559 2402 628 2446 cem
650 2379 834 2468 reperiant²
856 2379 1004 2445 ordinem
1026 2379 1194 2465 objectum
1214 2379 1364 2443 acierum.
1410 2377 1466 2443 Sic
1487 2379 1609 2465 itaque,

560 2488 694 2569 optenta
717 2483 787 2547 sine
810 2481 1068 2548 contradictione
1091 2481 1203 2568 praeda
1232 2485 1420 2559 memorata,
1445 2503 1518 2567 quae
1540 2505 1609 2568 prae

560 2585 666 2650 nimia
696 2585 912 2650 multitudine
943 2579 1118 2649 numerum
1147 2582 1334 2662 excedebat,
1358 2587 1487 2648 noctem
1517 2584 1607 2649 illam

561 2693 802 2773 transegerunt,
825 2685 998 2751 subarrata
1020 2685 1084 2750 Dei
1105 2685 1335 2762 misericordia,
1357 2686 1570 2773 gratulantes.

842 2977 1059 3044 Mirocolwm
1081 2977 1123 3044 dc
1141 2977 1325 3064 armathem

389 3154 548 3222 negitent.
604 3137 704 3202 Mane
742 3140 854 3202 antem
899 3134 996 3217 facto,
1043 3138 1134 3202 tubis
1172 3143 1207 3204 et
1244 3137 1337 3203 lituis
1378 3137 1610 3225 clangentibus
1622 3147 1735 3279 llffin·

423 3222 450 3273 it
467 3228 520 3273 ¹⁴⁸·
560 3238 683 3303 bellum
720 3237 889 3317 indicitur,
927 3241 961 3303 et
1001 3236 1174 3303 instructis
1211 3238 1383 3304 ordinibus
1420 3239 1609 3325 procedunt,

560 3342 704 3407 Domino
727 3342 775 3406 rei
799 3340 927 3405 exitum
952 3341 1240 3422 commendantes;
1275 3347 1309 3406 et
1332 3341 1425 3426 qussi
1447 3341 1501 3405 vir
1523 3334 1610 3407 unus
1622 3349 1774 3400 ostensor

1621 3297 1744 3346 pearance

541 3444 725 3510 .excrcitus
758 3449 850 3509 totus
872 3442 908 3507 in
931 3443 1074 3508 Domino
1097 3465 1165 3509 sese
1196 3443 1405 3509 confortabat
1427 3449 1462 3509 et
1484 3416 1706 3509 anima-⁰⁸⁰¹&

559 3548 625 3612 bat.
684 3545 940 3612 Procedentibus
973 3546 1077 3633 igitur
1110 3546 1297 3633 legionibus
1321 3547 1423 3633 juxta
1456 3547 1611 3612 militaris

559 3650 684 3745 ordinis
706 3649 915 3736 disciplinam
938 3649 1029 3714 lento
1054 3648 1160 3736 gradu
1179 3650 1221 3714 ad
1251 3671 1406 3736 pugnam,
1429 3650 1502 3715 visa
1531 3657 1611 3716 sunt

560 3775 700 3840 superno
723 3757 875 3816 armenta
897 3751 1052 3830 infinita,³
1079 3757 1119 3816 ut
1138 3752 1293 3834 creditur,
1309 3753 1481 3833 instinctu,
1504 3754 1610 3819 corni-

561 3857 623 3921 bus
654 3857 771 3921 ereotis
800 3860 835 3919 et
867 3854 988 3933 caudis,
1013 3855 1158 3920 acierum
1189 3855 1349 3920 latoribus
1375 3878 1397 3919 a
1422 3855 1549 3922 dextris
1576 3864 1610 3923 et

391 3979 550 4044 Rogweno.
562 3959 705 4024 sinistris
733 3957 891 4034 comitari,
924 3978 984 4022 nec
1015 3956 1084 4022 ulla
1117 3979 1210 4044 posse
1238 3957 1399 4022 violentia
1428 3959 1609 4047 praepediri.

425 4045 452 4096 ἢ·
468 4051 521 4097 ¹⁴⁹·
563 4061 660 4142 Quod
681 4060 792 4125 hostes
813 4059 942 4125 eminus
972 4060 1149 4138 intuentes,
1182 4059 1359 4124 solaribus
1376 4060 1478 4125 radiis
1512 4062 1610 4128 hebo·

560 4162 665 4229 tatis⁴
701 4162 891 4241 luminibus,
930 4167 1008 4227 ante
1045 4162 1200 4249 proelium
1224 4163 1354 4227 animis
1386 4164 1609 4244 conciderunt,

560 4267 733 4334 credentes
763 4267 971 4330 innumeram
1007 4287 1076 4331 csse
1107 4266 1360 4331 multitudinem
1397 4273 1608 4349 armatorum,

560 4369 714 4456 quamvis
739 4374 773 4434 et
797 4369 878 4455 ipsis
895 4368 1001 4433 multo
1016 4368 1122 4454 major
1142 4368 1296 4434 militaris
1311 4370 1405 4456 copia
1429 4393 1496 4435 non
1519 4371 1609 4436 dees-

561 4479 619 4539 set.
666 4472 912 4537 Invictissimus
936 4477 1049 4536 autem
1074 4476 1109 4535 et
1132 4471 1401 4558 imperterritus³
1427 4472 1497 4538 dux
1523 4473 1558 4537 N
1560 4495 1610 4538 or·

561 4595 759 4639 marmorum
782 4572 954 4652 Bobertus,
980 4571 1090 4657 [qui]⁶
1113 4573 1301 4638 moderator
1320 4578 1392 4639 erat
1414 4579 1448 4638 et
1474 4575 1610 4661 signifer

562 4767 718 4774 ..........-.
1069 4765 1083 4770 ..
1413 4766 1442 4772 „—

595 4875 1062 4944 ¹cognooerunt]congnovverunt,blrl.
1085 4876 1087 4889 '
1142 4875 1291 4942 ‘lebetam
1310 4877 1422 4940 ebetatis,
1434 4877 1490 4930 MS.

593 4957 752 5049 areperiant]
771 4957 921 5050 repperiam,
931 4955 988 5049 M.S'
1140 4982 1348 5050 simpermm]
1362 4983 1539 5048 inpertemus,
1550 4984 1608 5036 MS·

593 5037 841 5119 'cnummrnfimtu]
853 5037 1062 5100 Addedmmarg.
1142 5087 1152 5115 ί
1198 5088 1204 5098 ,
1317 5086 1323 5099 .

562 5118 626 5169 aster
636 5133 747 5183 superno.
759 5117 809 5166 and
820 5131 849 5166 so
860 5115 888 5165 in
899 5115 992 5166 textos
999 5116 1028 5165 F.
1160 5085 1216 5153 ΨΩ]
1237 5085 1357 5152 5⁰99th
1368 5087 1433 5138 stom
1444 5087 1488 5140 W·
1496 5089 1530 5140 A·
1541 5089 1607 5140 ΩΙ).
