4442 6392
616 1157 662 1206 aa
683 1157 844 1207 rnnroaa
866 1159 971 1208 aasrs
985 1159 1159 1209 wrmnaur
1181 1160 1532 1224 sarracenerum.
1556 1144 1600 1216 87

526 1346 755 1412 ‚brachiorum
782 1346 1013 1435 fatigationem
1040 1348 1265 1414 continuando
1288 1353 1507 1436 operarentur.
1553 1348 1599 1414 Et
1611 1332 1681 1407 hl).
1695 1360 1767 1409 10⁹?-

546 1451 692 1536 captivos
724 1471 844 1529 omnes,
880 1471 961 1536 quos
995 1449 1092 1515 Turoi
1130 1458 1292 1537 ceperant,
1323 1452 1522 1533 reducentes,
1554 1452 1597 1516 ad

546 1558 653 1618 castra
675 1574 790 1617 eorum
805 1559 883 1618 sunt
905 1553 1051 1635 reversi;
1075 1553 1134 1618 ubi
1160 1554 1359 1641 reperientes
1374 1555 1501 1642 copiam
1524 1556 1597 1620 auri

544 1659 579 1720 et
594 1656 731 1741 argenti,
753 1655 982 1740 jumentorum
1006 1678 1081 1721 oum
1105 1655 1270 1744 gregibus,
1292 1658 1449 1722 armentis
1471 1661 1505 1722 et
1526 1657 1594 1722 vic-

543 1758 698 1836 tualibus,
727 1760 889 1834 tentoriis,
916 1758 1009 1843 equis
1031 1759 1155 1846 pariter
1187 1765 1221 1825 et
1247 1760 1387 1840 camelis,
1414 1760 1451 1824 in
1486 1764 1594 1826 castra

543 1860 676 1946 propria
697 1861 839 1926 victores
856 1859 1039 1926 Christiani
1063 1867 1143 1926 sunt
1165 1860 1309 1927 reversi¹
1357 1861 1520 1928 Cecidisse
1535 1885 1593 1928 au·
1605 1870 1760 1949 Numberof

544 1970 612 2028 tom
635 1963 792 2028 dieantur
813 1963 850 2027 in
873 1985 912 2027 ea
935 1962 988 2028 die
1016 1962 1056 2028 de
1088 1986 1226 2028 numero
1259 1964 1405 2030 hostium
1440 1970 1475 2030 et
1504 1966 1593 2052 apud
1605 1937 1732 1989 theram.

377 2081 531 2161 sequens,
544 2088 619 2131 suos
635 2066 780 2130 virorum
795 2069 968 2153 potentum
984 2067 1027 2130 ad
1043 2067 1109 2131 tria
1132 2066 1233 2133 milia.
1279 2067 1401 2132 Actum
1416 2071 1467 2133 est
1481 2068 1595 2154 itaque

422 2167 447 2201 ¹¹·
459 2158 499 2206 ⁸⁹·
544 2168 604 2233 hoc
625 2168 782 2255 proelium
812 2169 866 2233 die
896 2169 1115 2233 kalendarum
1149 2169 1325 2247 Juliarum,
1355 2169 1490 2256 pugna’
1512 2170 1596 2235 mul-

543 2278 614 2336 tum
660 2271 792 2358 dispari,
834 2269 1016 2336 Turoorum
1056 2271 1182 2336 scilicet
1232 2271 1269 2337 cl.
1308 2273 1443 2337 milibus
1481 2278 1597 2338 contra

544 2373 806 2440 Christianorum
829 2373 849 2439 l.
873 2372 967 2437 milia
990 2373 1247 2439 decertantibus

541 2663 591 2728 De
608 2683 791 2749 progressu
807 2660 1090 2726 Ohmatiuaorom
1104 2683 1128 2727 o
1142 2661 1179 2729 N
1178 2660 1264 2727 icoec
1286 2660 1467 2747 submoto
1488 2683 1595 2749 reoque

920 2768 967 2833 ad
988 2766 1223 2834 Antiochiam.

378 2923 531 2987 unguens.
588 2911 768 2997 Postquam
798 2916 910 2977 autem
934 2933 993 2998 per
1017 2911 1167 2976 triduum
1197 2933 1332 2989 moram,
1357 2911 1422 2977 sibi
1444 2917 1478 2977 et
1500 2913 1593 2999 equis
1606 2915 1717 2968 mena

421 3006 447 3041 ¹¹·
459 2997 498 3041 ⁰⁰·
543 3011 778 3090 necessariam,³
812 3014 848 3078 in
886 3015 956 3079 loco
994 3015 1182 3080 certaminis
1221 3016 1469 3100 protraxissent,
1500 3014 1593 3081 lituis
1605 2984 1735 3101 35⁰0?qu

543 3118 760 3195 monentibus,
783 3139 817 3181 se
851 3118 973 3182 iterum
1011 3118 1055 3182 ad
1085 3119 1152 3182 iter
1174 3118 1351 3205 accingrmt
1382 3117 1572 3184 inchoatum
1583 3119 1738 3200 ΜΝ·

542 3226 583 3297 et,
601 3226 787 3285 transcursa
803 3219 954 3285 Bithinia
975 3219 1138 3297 universa,
1154 3219 1327 3285 Pissidiam
1344 3226 1424 3286 sunt
1447 3220 1592 3308 ingressi
1604 3187 1726 3305 mech.

542 3323 612 3388 Ubi
624 3345 700 3387 casu
715 3323 751 3386 in
767 3323 969 3409 provinciam
982 3328 1129 3387 arentem
1145 3328 1180 3388 et
1194 3323 1387 3409 inaquosam
1399 3324 1594 3390 descenden-

540 3431 597 3503 tes,
612 3425 737 3490 ibidem
757 3426 872 3512 positis
895 3425 1146 3512 importunitate
1161 3425 1285 3491 ardoris
1300 3425 1471 3491 molestia⁴
1493 3427 1593 3514 coepit

539 3529 677 3616 populus
708 3530 757 3594 ita
788 3529 932 3609 deficere,
959 3533 997 3593 ut
1028 3529 1204 3614 plusquam
1235 3529 1408 3616 quingenti
1438 3530 1591 3617 spiritum

539 3629 753 3697 exhalarent.³
797 3630 945 3695 Tandem
968 3630 1033 3696 hiis
1056 3631 1161 3716 erepti
1176 3631 1337 3717 perieulis,
1354 3632 1593 3697 descenderunt

538 3733 574 3798 in
605 3735 772 3821 regionem
810 3732 1010 3798 uberrimam
1042 3732 1145 3818 juxta
1178 3733 1390 3798 Antiochiam
1422 3734 1591 3811 minorem,

539 3860 612 3924 quae
645 3836 763 3901 merito
787 3836 935 3902 Pissidiae
960 3835 1152 3922 metropolis
1175 3840 1232 3900 est.
1279 3835 1333 3900 Ex
1355 3835 1432 3901 hine
1462 3858 1591 3923 quoque

538 3946 663 4005 turmas
692 3962 767 4004 suas
797 3938 991 4016 dividentes,
1025 3938 1162 4024 dispersi
1197 3944 1276 4004 sunt
1306 3961 1364 4026 per
1394 3938 1589 4026 provincias,

538 4047 577 4108 ut
610 4064 666 4107 eas
700 4041 915 4128 explorarent,
950 4064 1015 4127 quo
1049 4047 1183 4128 possent
1212 4041 1255 4106 ad
1285 4041 1447 4129 principes
1477 4064 1589 4106 earum

537 4144 692 4211 notitiam
721 4142 915 4232 pervenire.⁰
961 4143 1027 4223 Qui
1058 4165 1079 4208 a
1110 4141 1224 4208 castris
1254 4143 1362 4225 divisi,
1386 4144 1588 4226 Heracleam,

539 4248 723 4314 Lichaoniae
753 4248 869 4313 urbem
906 4251 1151 4334 praetereuntes,
1178 4245 1221 4310 ad
1247 4245 1419 4327 Yocninm‚
1443 4247 1588 4332 ejusdem

819 4396 1215 4403 ...—-—-—..--............--.--
1238 4396 1249 4400 .-
1306 4397 1347 4400 .—
1381 4395 1589 4401 -.—.—--.—

574 4475 697 4540 ¹recersi]
711 4475 813 4539 recepti,
825 4474 888 4525 OD.
1083 4475 1139 4522 sitis
1160 4473 1188 4522 in
1211 4473 1247 4523 A.
1272 4490 1318 4523 sec.
1337 4489 1367 4522 m.
1386 4472 1414 4524 C.
1432 4472 1474 4534 D.‚
1491 4475 1542 4523 and
1558 4490 1587 4526 so

572 4553 690 4620 2ριιῳιιι]
709 4570 819 4618 pungna,
830 4553 887 4603 MS.
1087 4552 1231 4603 ed.Wend.
1265 4551 1315 4602 We
1332 4552 1430 4613 should,
1448 4568 1482 4602 uo
1500 4554 1586 4614 doubt,

573 4634 770 4699 ³rreccssoriom]
790 4632 940 4692 necessaria,
952 4631 1008 4681 MS.
1085 4634 1153 4691 read,
1184 4649 1239 4697 proe
1265 4633 1321 4680 sitis
1351 4633 1529 4699 importunitate
1562 4643 1587 4684 et

573 4708 868 4777 ‘positia...molartio]
888 4710 923 4760 So
943 4711 995 4759 also
1015 4709 1042 4759 in
1085 4710 1183 4761 ardoris
1207 4709 1321 4771 molestia,
1344 4727 1372 4760 as
1395 4712 1531 4762 confirmed
1549 4715 1584 4779 by

540 4794 569 4844 F.
605 4792 689 4841 Inthe
702 4792 766 4840 Edd.
779 4791 821 4840 the
837 4805 941 4855 passage
953 4790 975 4839 is
986 4789 1043 4840 thas
1083 4792 1127 4841 the
1144 4789 1254 4855 original
1270 4805 1375 4855 passage
1392 4790 1419 4839 in
1430 4791 1500 4841 Will
1513 4791 1584 4864 Tyr,

540 4873 655 4937 printed:
674 4871 796 4920 “Ibidem
805 4871 870 4932 fitis
883 4871 980 4929 rustris,
997 4870 1043 4918 im·
1085 4889 1109 4937 p.
1122 4873 1180 4921 stt.

541 4951 694 5016 portunitate
726 4949 822 4999 ardoris
853 4957 877 4998 et
905 4949 1043 5009 molestia,”
1119 4949 1293 5017 ‘extuleram
1307 4952 1443 5012 exalarent,
1455 4953 1511 5005 MS.

542 5032 587 5079 but
599 5031 704 5080 without
723 5046 773 5094 any
785 5029 920 5093 authority.
954 5029 996 5078 W.
1009 5029 1042 5079 A.
1120 5031 1279 5096 “perreaird
1293 5032 1407 5095 perferre,
1419 5034 1460 5085 W.
1470 5033 1504 5084 A.
1514 5034 1543 5084 C.
1552 5035 1585 5084 D.

542 5129 581 5175 pr.
593 5127 622 5160 m.
641 5114 692 5161 and
704 5112 724 5160 1.
742 5110 807 5160 hare
820 5109 920 5175 p⁹sitis,
940 5110 985 5160 but
998 5127 1043 5174 po·
1062 5100 1066 5166 ἰ
