4442 6392
642 1141 707 1204 400
773 1155 938 1206 nimum
962 1154 1174 1207 emisimus
1196 1152 1361 1206 mironis
1383 1154 1582 1206 arcionum

474 1342 543 1393 Asi.
557 1344 629 1393 117⁷.
641 1328 884 1395 certificabatur
913 1351 1010 1416 super
1032 1328 1102 1405 hoc,
1127 1328 1313 1416 quodcum
1344 1327 1434 1392 idem
1456 1349 1543 1415 papa
1563 1327 1712 1413 fugeret.

473 1424 612 1541 ffilffw
641 1452 662 1495 a
686 1431 910 1517 persecutione
940 1433 1114 1520 imperiali,
1136 1438 1172 1498 et
1194 1453 1262 1497 non
1292 1429 1401 1496 fuerat
1423 1430 1452 1495 ei
1476 1435 1571 1495 tutus
1601 1434 1712 1493 tram.

474 1573 539 1622 pope
547 1559 629 1609 Alex-
641 1533 725 1599 situs
747 1557 806 1621 per
823 1540 945 1601 terram
967 1557 1028 1601 nec
1050 1536 1152 1601 etiam
1174 1555 1352 1622 permoto,
1376 1533 1477 1620 elegit
1498 1532 1611 1619 fiigm
1633 1552 1712 1617 per.

474 1625 558 1675 ander.
641 1642 774 1703 vastum
796 1659 895 1703 mare.
941 1637 1070 1702 Exorta
1099 1637 1206 1724 igitur
1234 1639 1435 1722 tempestate
1458 1635 1578 1712 valida,
1600 1634 1712 1700 dixe.

641 1745 722 1805 runt
747 1761 860 1805 omnes
883 1741 941 1826 qui
964 1741 1001 1805 in
1022 1763 1108 1806 nave
1132 1743 1236 1819 erant,
1258 1747 1275 1773 “
1289 1738 1358 1804 Ora
1380 1760 1439 1825 pro
1462 1739 1568 1817 nobis,
1591 1742 1713 1824 pater„

642 1864 713 1909 ecoe
736 1843 825 1909 enim
848 1842 1014 1931 perimus!
1038 1844 1169 1909 Vicaiie
1196 1842 1331 1918 Christi,
1354 1842 1406 1906 fac
1429 1843 1517 1928 quod
1540 1841 1713 1907 Christus.

641 1944 728 2021 fecit,
752 1945 809 2032 qui
832 1946 1011 2032 imperavit
1035 1945 1147 2011 ventis
1173 1950 1207 2009 et
1233 1944 1326 2023 mari,
1350 1950 1385 2009 et
1408 1944 1498 2009 facta
1527 1948 1579 2008 est
1602 1948 1713 2008 tran„

642 2046 817 2132 quillitas.''
875 2047 966 2134 Papa
986 2048 1100 2135 igitur,
1120 2046 1299 2135 assumptis
1322 2052 1356 2113 et
1378 2046 1516 2112 indutus
1539 2045 1714 2111 omnibus.

642 2149 816 2236 papalibus
853 2150 1066 2226 ornamentis,
1104 2153 1197 2215 stans
1234 2148 1412 2236 imperavit
1457 2149 1528 2214 vioe
1567 2147 1714 2215 Christi.

642 2252 725 2316 mari
746 2257 781 2317 et
800 2253 918 2331 ventis,
933 2256 973 2318 ut
991 2257 1095 2319 staret
1114 2273 1204 2317 mare
1222 2274 1242 2317 a
1259 2252 1388 2318 fervore
1404 2272 1464 2318 suo
1485 2257 1520 2316 et
1536 2250 1713 2316 tumultu..

642 2354 689 2419 Et
712 2353 787 2420 ilico
813 2353 902 2420 lacta
924 2360 975 2421 est
1001 2359 1076 2442 post
1102 2353 1368 2421 benedictionem
1390 2354 1427 2418 in
1449 2353 1533 2418 mari
1556 2357 1592 2418 et
1617 2374 1711 2418 aere.

642 2456 869 2545 tranquillitas
901 2479 1030 2544 magna,
1065 2462 1101 2523 et
1123 2456 1283 2523 transivit
1312 2479 1399 2545 papa
1420 2457 1458 2522 in
1484 2478 1571 2544 pace.
1618 2455 1715 2521 Hoc.

642 2559 745 2645 igitur
781 2558 905 2638 audito,
937 2559 1117 2647 imperator
1149 2558 1355 2646 stupefactus
1388 2557 1461 2640 est‚¹
1497 2557 1714 2624 humiliatus·

643 2659 747 2727 satis²
763 2661 815 2726 illi
834 2683 893 2749 per
915 2663 1034 2744 omnia,
1050 2662 1125 2750 plus
1144 2668 1256 2728 tamen
1279 2661 1387 2727 Deum
1405 2683 1504 2748 quam
1526 2661 1715 2727 hominem·

643 2765 790 2844 timens3
828 2770 863 2830 et
904 2765 950 2830 sic
988 2765 1139 2844 cessavit,
1179 2765 1265 2830 sicut
1302 2764 1339 2830 in
1379 2765 1463 2830 mari
1502 2768 1714 2852 tempestas,-

644 2865 785 2932 soisma³
807 2866 896 2933 inter
919 2868 1085 2934 ecclesiam
1109 2872 1144 2933 et
1165 2867 1348 2955 impeiium.

758 3137 808 3204 De
823 3136 1038 3225 fcocdutc’ooc
1059 3136 1286 3204 moirestcin'fi‘
1309 3137 1348 3204 clo
1380 3134 1582 3206 wancarae?

478 3301 546 3355 ΔΙ).
561 3305 633 3355 1178.
689 3284 790 3349 Anno
829 3284 966 3350 Domini
1003 3298 1284 3350 ii0.o0.Lxx⁰.v111⁰.
1323 3285 1483 3352 Ricardus
1521 3286 1562 3351 dc
1600 3283 1692 3366 Luci,
1707 3296 1878 3363 linguens

497 3393 524 3436 11
539 3386 616 3439 June.
644 3386 778 3474 ingiiae
801 3387 1017 3474 justiciarius,
1049 3388 1110 3453 iiio.
1141 3388 1216 3453 iius
1246 3389 1343 3454 Junii
1372 3389 1590 3454 nidamenta
1610 3387 1693 3473 jecit
1741 3367 1770 3416 ἢ·
1784 3371 1847 3418 ³⁸⁸·

478 3470 621 3589 {gffim
645 3490 689 3554 ud
710 3490 964 3556 construendam
994 3490 1162 3556 ecclesiam
1192 3492 1446 3557 conventualem
1475 3491 1693 3557 inhonorem

477 3612 622 3670 monastery
645 3593 736 3659 beati
759 3593 893 3660 Thomas
917 3593 1073 3672 martiris,
1096 3594 1134 3658 in
1163 3594 1235 3660 loco
1260 3594 1320 3680 qni
1342 3599 1480 3660 vocatur
1502 3594 1695 3672 Westuude,

477 3670 600 3791 fflfl‘
645 3696 682 3760 in
714 3695 884 3763 territorio
916 3695 1072 3777 Rofensi3
1109 3700 1308 3782 provocatus
1340 3697 1492 3785 exemplo
1526 3697 1716 3766 senescalli.

646 3797 785 3864 Henrici
814 3799 909 3886 regis,
938 3798 1002 3864 filii
1031 3797 1192 3864 Willelmi
1221 3799 1445 3886 conquestoris
1474 3799 1616 3887 Angliae,
1638 3800 1714 3887 qui,

645 3900 735 3987 apud
759 3901 990 3968 Oolecestriam
1013 3901 1181 3968 ecclesiam
1202 3903 1456 3970 conventualem
1477 3902 1643 3982 mndamt,
1660 3904 1716 3972 in.

646 4003 804 4070 honorem
826 4003 932 4070 mncti
955 4005 980 4070 J
981 4002 1127 4070 ohannis.

660 4266 734 4337 Rea
751 4266 839 4356 petit
860 4267 996 4336 aaron
1021 4267 1196 4337 rhammo
1244 4272 1448 4361 (laufridus,
1470 4273 1578 4362 filius
1599 4273 1697 4362 venii,

921 4369 1059 4458 cloquio
1081 4370 1237 4439 donatur
1257 4374 1421 4445 mittam.

479 4540 550 4607 mag
692 4520 818 4586 Eodem
855 4540 944 4586 anno
981 4542 1041 4585 rex
1078 4520 1266 4609 Anglornm
1311 4524 1485 4606 Esuriens,
1520 4547 1596 4592 cnm
1639 4473 1880 4614 peritos-wenc.

478 4609 605 4727 {lfflhe
648 4643 760 4689 omnes
789 4622 975 4709 provincias
1005 4643 1074 4688 suae
1102 4624 1387 4712 potestatisque
1416 4627 1470 4694 vel
1496 4627 1698 4694 Francorum
1720 4607 1849 4656 '2³⁸⁹'

683 4865 748 4932 ἐκ]
760 4866 961 4918 Onaneiasura
982 4866 1153 4919 onnon.
1232 4859 1408 4926 ‘mariq
1426 4860 1553 4923 montitii,
1562 4859 1620 4914 MS.

680 4944 777 5011 ἐσδε]
792 4944 937 5006 8οα1ωΕ.,
950 4947 996 4997 but
1007 4946 1034 4995 in
1043 4945 1154 4999 A.O.D.
1232 4935 1409 5005 “Wesiwudd
1432 4938 1489 4990 'I'he
1505 4941 1597 4991 second
1613 4956 1636 4988 w
1654 4936 1725 4990 has'

647 5024 774 5086 niissecit.
1197 5020 1260 5070 been
1270 5016 1354 5085 partly
1364 5019 1457 5070 ετιιοᾱ.

682 5101 806 5168 ἐσίω]
825 5101 862 5154 sic
872 5104 961 5166 cuma,
981 5103 1039 5156 MS.
1052 5104 1140 5156 andF.
