4442 6392
1311 1136 1440 1209 176
1576 1148 1905 1202 nuum
1950 1147 2380 1201 mmslmisls
2423 1145 2751 1199 nisi-olm
2795 1144 3193 1198 mellosum.

975 1527 1287 1580 ΑΚΒ-1100·
1378 1531 1478 1597 De
1523 1527 1956 1596 coronatione
2000 1525 2301 1595 Hemvzoz
2345 1524 2603 1608 Pm'xmi,
2650 1523 3050 1610 Awlowm
3092 1522 3312 1609 mais-¹
3473 1555 3562 1608 fol.
3586 1561 3653 1608 sc
3668 1571 3719 1609 a.

1219 1728 1228 1732 -
1292 1700 1293 1703 ’
1355 1691 1726 1758 ·Defuncto
1801 1691 2028 1779 itaque
2084 1707 2261 1777 rege*
2303 1687 2656 1768 willelmo,
2720 1691 3154 1774 cognomento
3218 1685 3410 1768 Rufo,
3437 1701 3752 1784 Bogwmd.

1308 1819 1457 1864 cum
1501 1799 1848 1883 magnates
1888 1794 2273 1881 ignorarent
2316 1792 2479 1880 quid
2514 1797 2739 1858 actum
2784 1796 2955 1857 esset
2989 1791 3071 1855 de
3103 1789 3408 1868 Roberto,
3503 1785 3556 1822 ¹¹·
3585 1775 3695 1824 ¹⁶⁰’

1195 1956 1199 1964 .
1308 1899 1375 1964 N
1379 1920 1847 1965 ormannorum
1893 1897 2072 1975 duce,
2118 1895 2293 1984 regis
2352 1894 2646 1962 defuncti
2703 1894 2910 1959 fratre
2954 1892 3411 1981 primogenite,
3435 1918 3749 2000 Βοᾳπωᾶ,

1307 2002 1422 2088 qui
1457 2001 1600 2087 jam
1643 2022 1761 2088 per
1818 1999 2342 2086 quinquennium
2401 1997 2475 2062 in
2535 1996 2955 2085 expeditione
3006 1995 3053 2062 J
3055 1994 3411 2062 erosolimi-
3503 1987 3556 2038 ⁵¹·
3584 1993 3695 2039 ¹⁶¹·

1192 2123 1195 2124 ’
1307 2108 1470 2169 tana
1512 2123 1763 2168 moram
1821 2105 2249 2189 protraxerat
2294 2098 2561 2166 Christo
2620 2100 2990 2178 militando,
3039 2097 3414 2165 timuerunt

1308 2206 1427 2270 diu
1471 2205 1611 2269 sine
1672 2202 1991 2293 regimine
2051 2202 2383 2269 vacillare.
2474 2201 2671 2284 Quod
2731 2201 3079 2283 Henricus,
3127 2201 3412 2266 fratrum

1307 2307 1586 2374 ultimus
1637 2311 1705 2371 et
1755 2305 2024 2394 juvenis
2085 2305 2627 2392 sapientissimae,
2674 2327 2824 2371 cum
2884 2305 3116 2370 callide
3177 2325 3413 2391 cogno-

977 2451 1094 2502 Heu
1178 2451 1222 2502 1.
1307 2408 1563 2490 visset,¹²
1606 2412 2001 2497 congregato
2062 2407 2423 2473 Londoniis
2483 2408 2654 2473 clero
2715 2407 2979 2495 Angliae
3040 2412 3109 2473 et
3168 2407 3412 2495 populo

977 2466 1286 2582 pronaum
1306 2513 1633 2592 universo,
1680 2511 1912 2578 multis
1971 2516 2042 2576 et
2100 2509 2298 2576 solito
2320 2509 2348 2548 ³
2408 2509 2711 2597 pluribus
2771 2509 3093 2575 emollivit
3114 2507 3142 2544 ⁴
3188 2531 3448 2575 omnes.

976 2585 1161 2703 ’ῐξξΐζξαα
1181 2585 1269 2636 ²¹²⁰
1306 2615 1620 2704 pollicitis
1693 2613 2143 2702 amplioribus,
2236 2617 2308 2679 ob
2396 2612 2662 2678 blandis
2750 2612 3447 2680 sermocinationibus.

1308 2718 1603 2785 omnium
1670 2737 2014 2805 procerum
2089 2715 2533 2783 constantiam
2610 2716 2975 2792 enervavit,
3046 2714 3409 2782 Robertum
3436 2766 3449 2780 .

1308 2822 1539 2887 ducem
1584 2818 2006 2907 depravando
2051 2823 2122 2885 et
2167 2841 2237 2885 se
2280 2819 2494 2907 ipsum
2556 2817 3004 2885 collaudando
3097 2817 3446 2884 Promisit.

1309 2923 1576 3010 insuper
1645 2921 1871 3008 legum
1945 2920 2496 3002 emendationem,
2572 2921 2814 3008 quibus
2903 2942 3208 3009 oppressa
3281 2920 3412 2986 fuit

1309 3025 1557 3112 injuste
1602 3023 1863 3111 Anglia‚
1910 3027 2205 3111 tempore
2252 3023 2657 3111 W[illelmi],
2688 3024 2898 3112 patris
2942 3024 3063 3102 sui,
3108 3024 3413 3090 similiter

1310 3135 1379 3195 et
1423 3127 1823 3216 W[illelmi],
1868 3128 2093 3194 fratris
2138 3128 2285 3211 sui3
2331 3133 2401 3194 et
2442 3127 2567 3195 hoc
2602 3127 3132 3214 juramentorum
3176 3129 3414 3216 firmis-7
3434 3175 3449 3191 .

1308 3232 1479 3298 sima
1537 3230 1897 3296 assertione
1957 3230 2411 3318 confirmabat.
2503 3231 2596 3297 Et
2654 3231 2746 3298 sic
2804 3232 3056 3299 animos
3117 3233 3410 3298 omnium
3434 3279 3448 3292 .

1309 3334 1383 3400 in
1428 3335 1531 3400 sui
1578 3333 2050 3422 promotionem
2116 3338 2189 3399 et
2249 3355 2541 3401 amorem
2602 3333 3039 3421 illaqueavit‚³
3089 3335 3189 3400 ita
3232 3336 3412 3401 vide-

1311 3438 1485 3517 licet,
1533 3441 1611 3503 ut
1654 3435 1911 3502 nunum
1971 3441 2217 3523 praeter
2260 3436 2453 3502 illum
2496 3436 2570 3502 in
2613 3458 2833 3524 regem
2893 3437 3300 3526 susciperent
3343 3444 3413 3504 et

1310 3546 1680 3628 patronum.
1774 3537 2144 3626 Respondit
2189 3539 2400 3627 igitur
2442 3539 2629 3627 regni
2672 3539 3089 3618 universitas,
3126 3562 3415 3607 asserens

1310 3642 1504 3729 quod,
1552 3642 1611 3707 si
1671 3639 1892 3707 animo
1952 3640 2211 3706 volenti
2271 3641 2435 3727 ipsis
2494 3642 2878 3708 concederet
2938 3647 3010 3709 et
3068 3649 3250 3709 carta
3295 3665 3417 3708 sua

1308 3743 1746 3810 communiret
1793 3743 1940 3808 illas
1999 3742 2341 3809 libertates
2401 3749 2472 3810 et
2530 3744 3038 3810 eonsuetudines
3082 3746 3411 3832 antiquas,

1307 3871 1455 3936 quae
1499 3847 1869 3914 floruerunt
1904 3846 1978 3912 in
2022 3868 2226 3934 regno
2263 3851 2559 3934 tempore
2604 3846 2820 3913 sancti
2861 3846 3179 3912 Edwardi
3222 3848 3412 3935 regis,

1305 3951 1378 4015 in
1421 3951 1641 4037 ipsum
1700 3943 2170 4027 consentirent,
2216 3953 2288 4014 et
2347 3947 2423 4012 in
2482 3969 2702 4034 regem
2765 3948 3172 4015 unanimiter
3227 3949 3411 4014 sulli-

1304 4057 1609 4132 marent3
1654 4050 2020 4138 praesertim
2066 4072 2216 4116 cum
2262 4049 2496 4117 absens
2541 4048 2773 4117 fuisset
2827 4049 3175 4133 Robertus,
3222 4050 3409 4118 heres
3431 4099 3445 4114 .

1236 4143 1260 4225 J
1302 4154 1658 4241 legitimus,
1689 4174 1809 4219 nec
1850 4158 2120 4240 possent
2162 4151 2339 4218 sine⁰
2382 4152 2676 4219 maximo
2715 4152 2991 4242 periculi
3035 4154 3445 4221 discrimine.

1307 4256 1557 4322 diutius
1616 4260 1979 4342 expectare.
2076 4254 2368 4321 Henrico
2427 4259 2651 4322 autem
2725 4254 2867 4323 haec
2929 4257 3153 4322 omnia
3214 4258 3447 4324 vultu.

1306 4357 1717 4426 serenissimo
1762 4379 1913 4424 eum
1959 4356 2312 4445 multiplici
2347 4356 2726 4445 juramento
2771 4358 3183 4439 concedente,
3230 4365 3298 4426 et
3342 4382 3411 4426 se

1381 4661 1530 4713 ¹The
1551 4659 1695 4726 royal
1719 4659 1883 4711 shield
1905 4661 1967 4710 of
1991 4674 2126 4711 arms
2158 4661 2205 4713 is
2238 4675 2314 4712 re-
2474 4663 2493 4693 ⁴
2515 4659 2770 4728 mollivit]
2844 4662 3029 4713 Added
3064 4669 3119 4714 to
3154 4663 3242 4715 the
3283 4668 3415 4727 text,

1307 4742 1488 4807 posted
1509 4739 1565 4789 in
1587 4739 1675 4790 the
1695 4739 1914 4805 margin,
1937 4739 2062 4790 wilh
2088 4756 2120 4792 a
2142 4756 2313 4791 crown
2405 4743 2505 4792 and
2528 4741 2696 4808 partly
2718 4757 2785 4792 on
2809 4756 2874 4793 an
2897 4757 3111 4793 erasure.

1308 4820 1409 4871 and
1432 4825 1624 4884 sceptro
1645 4820 1716 4885 by
1738 4818 1827 4869 the
1848 4818 1973 4870 side.
2471 4822 2492 4851 ⁸
2516 4818 2827 4886 inconcavit]
2865 4821 3051 4873 Added
3073 4828 3128 4873 to
3150 4823 3236 4874 the
3252 4828 3375 4874 text.

1374 4901 1396 4930 ²
1416 4898 1741 4964 coynoviuee]
1779 4898 2151 4964 congnovisset,
2174 4900 2291 4950 MS.
2471 4902 2490 4930 ⁰
2513 4916 2599 4951 nec
2614 4909 2817 4966 possent
2837 4901 2967 4967 sine]
3008 4900 3091 4951 On
3106 4916 3171 4952 au
3196 4916 3408 4954 erasure.

1375 4980 1395 5008 ⁸
1415 4975 1580 5043 solito]
1618 4977 1909 5029 Interlined.
