4442 6392
699 1150 747 1199 un
768 1151 928 1201 rnrroan
950 1151 1052 1202 ancre
1074 1153 1232 1217 nunnrcr,
1251 1154 1317 1205 vm.
1341 1155 1501 1205 sucumn.
1559 1143 1621 1205 381

574 1320 776 1409 Regrediens
808 1328 920 1390 autem
944 1325 1024 1391 inde
1057 1326 1101 1391 ad
1133 1325 1398 1412 Fremingeham,
1429 1347 1503 1391 cum
1532 1346 1625 1389 mora
1635 1334 1705 1387 Μ).
1720 1338 1791 1391 1173.

574 1426 645 1511 ejus
667 1448 804 1493 onerosa
833 1429 973 1515 Hugoni
1002 1428 1119 1516 Bigod,
1142 1430 1244 1495 castri
1273 1430 1414 1507 domino,
1445 1429 1624 1509 videretur,

553 1530 742 1595 .castellum
763 1531 799 1595 in
821 1553 881 1597 sua
900 1532 972 1597 sinc
988 1531 1182 1598 difficultate
1199 1533 1331 1618 recepit.
1375 1532 1503 1598 Deinde
1522 1532 1625 1597 animi

553 1632 737 1699 desiderio
766 1655 946 1715 succensus,
970 1640 1009 1700 ut
1039 1634 1157 1700 saltem
1181 1634 1338 1721 reliquias
1360 1635 1482 1701 viseret
1505 1634 1623 1722 Legre-

554 1735 712 1817 ·cestriae,
735 1736 806 1802 lora
828 1736 903 1802 illac
926 1736 1065 1802 divertit
1088 1741 1124 1803 et
1146 1736 1278 1803 vexilla.
1325 1737 1396 1803 Iter
1417 1737 1521 1825 igitur
1543 1736 1697 1800 arri-And

476 1910 480 1916 .
574 1837 667 1924 piens
701 1860 775 1904 cum
807 1840 874 1904 suis
909 1839 1175 1919 Flandreusibus,
1208 1840 1380 1928 proposuit
1412 1840 1554 1926 burgum
1589 1812 1749 1930 ctffi

553 1940 743 2007 .ecclesiam
777 1940 892 2008 Sancti
925 1941 1102 2024 Edmundi,
1136 1943 1270 2008 consilio
1302 1964 1414 2009 eorum
1437 1946 1621 2023 enervatus,
1635 1944 1770 1999 leicester.

553 2044 778 2129 ·depraedari;
814 2045 942 2132 fingens
976 2068 1010 2110 se
1042 2068 1085 2111 ex
1116 2045 1282 2111 industria
1314 2051 1429 2111 tamen
1461 2045 1520 2110 illa
1553 2046 1624 2111 loca

555 2148 802 2234 praetereundo
825 2149 1002 2227 sinistrare,
1025 2155 1065 2214 ut
1088 2148 1135 2215 sic
1157 2155 1292 2236 repente
1318 2154 1431 2215 rueret
1452 2150 1489 2213 in
1510 2150 1623 2214 incau-

574 2255 636 2316 tos.
683 2250 780 2332 Quod
802 2252 948 2337 profecto
970 2274 1028 2338 per
1050 2252 1276 2339 exploratores
1301 2252 1480 2318 familiares
1503 2253 1623 2318 exerci-

574 2358 647 2419 tum
665 2354 761 2440 regis,
776 2354 835 2440 qui
857 2354 901 2419 ad
923 2354 1040 2441 patriae
1058 2353 1150 2420 illius
1169 2355 1353 2421 custodiam
1376 2353 1620 2443 deputabatur,¹

573 2478 641 2522 non
667 2456 800 2522 latebat
847 2456 999 2544 Stipatus
1031 2479 1108 2544 ergo
1143 2478 1250 2523 comes
1283 2457 1389 2523 milite
1419 2457 1548 2544 copioso
1578 2456 1623 2522 ad

573 2558 742 2646 pugnam2
757 2564 951 2646 praeparato,
975 2560 1099 2625 scilicet
1121 2560 1229 2625 tribus
1251 2560 1386 2625 milibus
1412 2559 1624 2626 Flandrensi·

576 2684 643 2742 um,
675 2683 756 2747 quos
788 2662 853 2727 viae
883 2662 1059 2750 participes
1092 2667 1173 2728 tunc
1203 2662 1330 2743 habuit,
1361 2684 1430 2729 non
1448 2662 1622 2727 minimum

553 2765 611 2830 .in
634 2765 756 2830 eisdem
779 2764 973 2843 confidebat,
1004 2786 1085 2852 quos
1111 2766 1283 2853 sanguinis
1307 2766 1454 2831 sititores
1483 2769 1623 2831 noverat

551 2873 608 2934 .et
630 2868 673 2933 ad
695 2872 811 2933 sancta
832 2867 1021 2933 invadenda
1039 2868 1219 2955 sacrilegos.
1265 2868 1332 2949 Qui
1355 2870 1465 2948 etiam,
1489 2868 1622 2956 quando
1635 2880 1760 2947 songrof

551 2971 618 3035 .ad
655 2971 802 3057 aliquam
842 2970 1016 3057 planitiem
1052 2970 1162 3058 gratia
1205 2971 1367 3057 pausandi
1405 2971 1620 3053 diverterant,
1633 2948 1746 3067 dlbmirh

550 3075 710 3140 .choreas
731 3073 888 3139 ducentes
910 3073 1021 3161 patria
1043 3073 1160 3161 lingua
1181 3074 1362 3140 saltitaudo
1385 3074 1575 3155 cantabant,
1634 3082 1751 3149 soldierr.

550 3266 560 3286 .
694 3219 712 3249 “
725 3211 854 3301 Hoppe,
879 3213 995 3300 hoppe,
1020 3212 1179 3290 Wilekin,
1203 3213 1320 3300 hoppe,
1343 3212 1500 3291 Wilekin,

725 3315 898 3402 Engelond
919 3315 949 3379 is
971 3315 1042 3379 min
1064 3320 1126 3380 ant
1152 3314 1233 3380 tin.”

551 3492 558 3507 ·
615 3451 907 3537 Appropinquavit
944 3457 1055 3516 autem
1094 3456 1190 3516 caute
1228 3450 1337 3537 regius
1367 3451 1540 3529 exercitus,
1569 3451 1619 3516 in-

549 3555 751 3637 ·terponcns
773 3574 808 3617 se
833 3552 900 3617 illis
922 3556 958 3618 et
983 3552 1099 3639 burg0,
1124 3553 1177 3618 cui
1208 3552 1454 3619 insidiabantur
1484 3553 1619 3620 inimici

551 3654 735 3720 ·lnvocato
768 3655 873 3743 igitur
906 3654 971 3721 Dei
1003 3660 1038 3720 ct
1074 3656 1168 3721 beati
1203 3655 1374 3720 Edmundi
1410 3655 1619 3732 adminiculo,
1633 3669 1689 3721 The
1702 3670 1789 3738 linga

551 3756 671 3822 -irruit
700 3758 865 3824 exercitus
894 3757 981 3846 regis
1012 3757 1049 3823 in
1079 3758 1307 3836 Flandrenses,
1329 3756 1386 3822 ¹ad
1419 3758 1524 3822 instar
1553 3739 1779 3856 ωτ-ἓοῖᾝι

570 3860 675 3926 rentis
714 3860 754 3926 de
789 3860 934 3948 proclivo
958 3860 1124 3926 montium
1153 3860 1334 3942 irruentis3
1367 3864 1412 3941 et,
1435 3860 1520 3926 inito
1546 3882 1618 3926 cru-

571 3962 743 4029 entissimo
766 3963 954 4041 certamine,
986 3968 1062 4048 post
1095 3961 1175 4028 belli
1198 3962 1309 4028 varios
1340 3967 1489 4042 eventus,
1512 3984 1619 4029 comes

571 4070 606 4131 et
644 4066 820 4147 comitissa,
858 4064 1087 4145 Flandrenses,
1128 4064 1315 4131 Normanni
1347 4069 1382 4131 et
1416 4064 1545 4145 Franci,
1583 4070 1619 4130 et
1632 4076 1783 4143 Capareas

569 4170 629 4256 qui
660 4192 734 4236 cum
768 4170 816 4235 eis
849 4173 1020 4247 venerant,
1050 4189 1163 4235 omnes
1197 4167 1381 4256 capiuntur,
1408 4169 1475 4236 xvi.
1502 4168 1617 4234 kalen·
1630 4144 1770 4265 ffifflm,

570 4274 630 4339 das
660 4271 871 4351 Novembris,
903 4277 939 4339 et
968 4270 1110 4337 vinculis
1152 4270 1393 4359 mancipantur.
1440 4270 1688 4338 Comitissatess

569 4398 650 4442 vero
683 4375 824 4463 superba
856 4372 965 4453 nimis,
1002 4374 1141 4440 anulum
1172 4374 1298 4441 habens
1331 4374 1366 4439 in
1405 4374 1512 4461 digito
1542 4395 1617 4440 cum
1656 4366 1687 4416 ¹⁷
1702 4363 1760 4420 (Μ

568 4500 700 4567 gemma
729 4477 974 4565 pretiosissima,
997 4478 1034 4543 in
1063 4499 1195 4544 amnem
1225 4499 1327 4570 prope
1357 4476 1519 4545 fluentem
1549 4499 1618 4564 prae

567 4582 801 4670 indignatione
830 4581 978 4669 projecit,
1001 4580 1117 4646 nolens
1146 4579 1299 4645 hostibus
1321 4579 1362 4646 ds
1385 4602 1445 4646 sua
1467 4580 1617 4666 captione

568 4689 702 4751 tantum
722 4683 844 4751 habere
867 4688 1074 4771 proventum.
1121 4682 1267 4747 Tandem
1290 4704 1366 4769 pars
1389 4681 1495 4768 major
1519 4681 1776 4830 blan-irpgpprg.

419 4799 455 4851 fol
467 4806 499 4853 aa
508 4800 530 4855 t.
569 4788 737 4855 drensium
760 4787 928 4865 occiditur,
946 4808 1022 4874 pars
1049 4785 1283 4871 submergitur,
1306 4806 1382 4871 pars
1410 4784 1455 4849 ad
1484 4785 1696 4882 uinculaulam
1707 4848 1736 4883 or

568 4892 724 4973 trahitur,
746 4890 897 4958 carcerali
919 4888 1078 4955 custodiae
1100 4888 1297 4974 deputanda
1629 4898 1705 4949 aken
1716 4899 1769 4965 pri-

604 5084 611 5114 ¹
624 5082 802 5149 deputabatur]
815 5082 1006 5146 deputabantur,
1012 5078 1070 5131 MS.
1092 5078 1099 5150 Ι
1152 5080 1163 5109 ²
1169 5078 1292 5145 ρκφιαπι]
1310 5094 1447 5144 pungnam,
1457 5078 1515 5132 MS.
