4442 6392
689 1186 736 1238 nn
758 1180 918 1239 rmrcnn
939 1183 1041 1236 mors
1064 1182 1220 1250 naama,
1238 1183 1306 1234 vra.
1330 1176 1494 1235 snorum..
1553 1168 1619 1234 363

565 1362 689 1430 clericis
718 1362 787 1428 suis
824 1360 992 1443 resideret,
1024 1358 1229 1449 Reginaldus
1265 1360 1374 1426 dictus
1404 1358 1698 1439 Filius-Ursini),
1714 1382 1785 1433 1171.

565 1466 751 1531 Willclmus
773 1463 814 1531 de
834 1465 950 1552 ihacy,
982 1463 1084 1550 Hugo
1115 1464 1156 1529 de
1182 1463 1365 1544 Morcvilla,
1398 1468 1434 1529 et
1456 1463 1698 1552 Ricardusrour

546 1569 671 1647 ‚Brito
704 1568 746 1634 uc
779 1566 995 1647 normanna,
1033 1566 1157 1633 muas
1190 1566 1305 1632 onnia
1336 1566 1415 1632 uec
1449 1540 1754 1672 sauciosissfggffiy

566 1672 744 1751 venientes,
777 1676 935 1757 tanquam
965 1667 1052 1735 furia
1076 1668 1203 1736 invecti
1225 1670 1336 1734 subito
1370 1670 1406 1734 in
1431 1668 1769 1752 thermundensis

565 1775 765 1860 irruperrmt,
789 1773 1026 1839 denunciantes
1056 1794 1098 1837 ex
1128 1778 1224 1859 parte
1256 1772 1353 1860 regis,
1381 1777 1422 1838 ut
1451 1775 1617 1859 episcopos
1628 1742 1770 1858 ffifflff

565 1876 697 1963 Anglise
718 1896 891 1963 suspensos
914 1872 1019 1940 officio
1050 1895 1110 1941 suo
1141 1875 1339 1953 restitueret,
1370 1880 1404 1940 et
1430 1873 1788 1992 excommu-thebishops.

566 1979 694 2044 nicatos
732 1978 929 2043 absolveret.
976 1977 1105 2057 Quibus
1143 1976 1313 2064 respondit
1349 1943 1787 2065 archiepiscopus,-¹,²1¹,¹{¹,Zb,⁸,‘f,{⁰

565 2089 584 2139 5‘
598 2080 678 2146 Non
700 2085 753 2146 cst
769 2080 895 2166 judicis
917 2076 1100 2144 inferioris¹
1135 2084 1176 2145 ut
1209 2080 1411 2146 sententiam
1443 2082 1619 2168 superioris
1631 2091 1756 2154 wereex3

399 2184 729 2263 apsentissume,
751 2184 902 2269 nunqua
924 2183 1097 2249 somnum
1121 2182 1200 2249 uec
1222 2183 1398 2264 anemae,
1414 2184 1503 2270 quoe
1526 2158 1769 2261 acrabbim·

432 2265 527 2343 ΜΨ·
567 2288 747 2374 apostolica
768 2286 915 2352 decrevit
938 2286 1179 2351 statuendum.”
1224 2287 1393 2364 Attamen,
1409 2283 1438 2350 si
1454 2282 1622 2352 Londoni-

568 2391 655 2456 ensis
679 2394 714 2456 et
736 2386 984 2456 Sarisbiriensis
1014 2389 1159 2477 episcopi
1190 2395 1226 2454 et
1254 2390 1313 2454 olii
1345 2390 1621 2456 excommunicati

559 2514 628 2559 -suo
649 2491 809 2557 mandato
832 2512 867 2556 sc
891 2491 1059 2578 parituros
1087 2492 1203 2578 jurare
1225 2492 1360 2571 vellent,
1383 2514 1437 2558 eos
1460 2513 1521 2580 pro
1542 2514 1621 2579 pace

568 2596 710 2662 ecclesiae
741 2600 776 2660 et
809 2592 938 2660 domini
975 2595 1063 2681 regis
1100 2596 1288 2661 reverentia
1324 2596 1516 2662 absolveret.
1564 2593 1620 2660 Illi

567 2721 645 2764 vero
669 2699 744 2763 ilico
768 2697 819 2762 ira
841 2697 1119 2778 incandescentes,
1143 2702 1178 2764 et
1200 2699 1303 2765 scelus
1318 2698 1505 2777 nefarium,2
1530 2698 1620 2787 quod

568 2803 605 2866 iu
636 2808 749 2867 mente
779 2809 1007 2888 conceperant,
1038 2801 1082 2866 ad
1116 2801 1268 2867 effectum
1300 2803 1476 2888 perducere
1506 2824 1621 2888 prope·

567 2909 688 2981 reatae,
710 2925 785 2968 cum
807 2905 935 2989 impetu
959 2909 993 2969 et
1016 2904 1115 2969 minis
1138 2910 1348 2969 recesserunt.
1393 2905 1619 2991 Archiepisco·
1632 2902 1755 2981 Thencp.

569 3031 630 3095 pus
652 3029 742 3086 vero,
774 3006 989 3072 monentibus
1023 3007 1151 3074 clericis
1176 3007 1254 3084 suis,
1288 3012 1323 3073 et
1349 3007 1432 3073 hora
1458 3008 1525 3073 dici
1547 3030 1618 3073 ves·
1631 2978 1783 3088 ffeffih

568 3111 699 3198 pertine
721 3116 870 3197 urgente,
894 3109 932 3173 in
955 3111 1114 3197 majorem
1129 3109 1298 3176 ecclesiam
1312 3111 1455 3175 intravit
1469 3133 1622 3197 vesperas
1633 3104 1729 3168 tosing

569 3218 769 3278 cantaturus.
839 3212 991 3293 Quatuor
1029 3213 1190 3278 satellites
1232 3211 1394 3278 nefandi³
1433 3214 1621 3301 supradicti,
1634 3187 1742 3289 {ffim

569 3315 669 3380 armis
690 3310 826 3379 interim
848 3313 961 3379 induti
983 3314 1193 3392 militaribus,
1217 3312 1495 3402 archiepiscopum
1518 3305 1750 3421 eves-{⁰¹¹ffi'0d

569 3418 653 3505 tigio
676 3422 754 3483 sunt
776 3419 887 3483 secuti
946 3415 1013 3497 Qui
1036 3439 1110 3482 cum
1134 3415 1177 3482 ad
1200 3418 1366 3483 eeclesiam
1389 3420 1623 3506 pervenissent,
1635 3386 1748 3504 kiiglrets

570 3521 656 3587 ostia
689 3521 768 3606 ejus,
801 3524 840 3585 ut
878 3523 1079 3607 praeceperat
1118 3519 1386 3607 archiepiscopus,
1425 3522 1624 3588 invenerunt

570 3628 692 3712 aperta
740 3628 757 3659 ‘⁴
771 3621 888 3708 Neque
903 3616 1024 3700 enim,”
1046 3625 1086 3687 ut
1109 3621 1166 3701 ait,
1185 3620 1342 3689 “Christi
1357 3623 1534 3703 ecclesiam,
1549 3646 1623 3711 quae

571 3726 699 3793 cunctis
731 3724 832 3792 debet
864 3745 934 3790 esse
965 3720 1133 3810 refugium
1170 3728 1297 3810 patens,
1337 3725 1453 3793 ordine
1487 3726 1623 3793 turbato

571 3826 847 3896 commutabimus
869 3826 906 3891 in
929 3821 1129 3892 castellum.'’
1176 3822 1297 3892 Turbis
1319 3847 1448 3915 quoque
1475 3827 1622 3916 undique

571 3927 823 4009 confluentibus,
860 3928 993 4019 praefati
1030 3925 1115 3993 iiiiffl.
1148 3927 1272 3994 milites
1305 3930 1472 3998 ecclesiam
1502 3933 1623 3999 irreve-

571 4039 684 4101 renter
704 4033 849 4121 ingressi,
873 4029 1041 4098 clamitare
1063 4036 1241 4118 coeperunt,
1278 4029 1379 4098 “Ubi
1401 4040 1453 4100 est
1474 4034 1625 4122 proditor

572 4137 682 4226 regis?
712 4134 783 4203 Ubi
805 4139 855 4201 est
876 4133 1026 4222 proditor
1047 4130 1175 4221 regisi'
1209 4132 1336 4214 Quibus
1362 4135 1624 4226 archiepiscopus

574 4240 709 4307 atertio
732 4238 785 4304 vel
809 4241 928 4324 quarto
954 4237 1058 4324 gradu
1084 4231 1278 4324 presbiterii,
1301 4257 1399 4325 quem
1417 4240 1490 4326 jam
1513 4261 1623 4308 ascen·

575 4344 678 4422 derat,
694 4339 826 4407 obviam
848 4360 1013 4428 regressus
1035 4341 1094 4420 est,
1118 4336 1238 4420 dicens,
1263 4340 1331 4406 “Si
1353 4340 1503 4428 quaeritis
1517 4344 1622 4411 archi.

555 4446 773 4535 ‚episcopum
794 4463 862 4509 non
884 4448 997 4509 autem
1019 4440 1231 4530 proditorem,
1260 4461 1331 4509 ecce
1357 4463 1410 4510 me
1432 4446 1468 4511 in
1490 4454 1623 4535 promtu

574 4545 733 4616 habetis.'’
778 4543 905 4628 Quibus
927 4544 1043 4611 acerba
1056 4543 1139 4610 satis
1160 4544 1418 4633 proponentibus
1432 4569 1470 4616 ac
1485 4558 1625 4620 mortem

575 4649 863 4728 comminantibus,-
885 4646 943 4725 ais,
968 4645 1069 4735 “Ego
1093 4648 1177 4713 mori
1200 4654 1337 4735 paratus
1352 4672 1426 4718 sum
1448 4674 1509 4741 pro
1524 4675 1625 4723 asser-

575 4756 660 4822 tioni
683 4751 836 4821 veritatis
868 4756 903 4817 et
938 4749 1079 4818 ecclesiae
1110 4749 1273 4817 libertate.
1320 4752 1412 4843 Rogo
1443 4761 1564 4839 tamen,
1587 4766 1625 4826 ut

610 5067 617 5097 ι
630 5065 769 5130 inferiora]
788 5063 929 5123 morioris,
941 5060 998 5113 MS.
1158 5066 1167 5094 ¹
1179 5064 1295 5133 nefande]
1315 5069 1448 5134 reptandi,
1460 5071 1521 5126 M&

608 5146 618 5176 ²
631 5142 765 5212 nefarium]
784 5142 939 5209 nepharium,
952 5139 1008 5195 Mu.
