4442 6392
558 1217 618 1293 'un
640 1217 801 1267 rnuronu
825 1217 925 1266 neers
947 1217 1119 1268 uniantur
1141 1221 1303 1281 suenum,
1327 1221 1394 1272 v1z.
1418 1222 1511 1272 surr.
1536 1208 1578 1276 67

508 1388 656 1455 .cabant.
702 1389 867 1456 Dicebant
897 1391 993 1471 enim,
1026 1391 1128 1457 “Nos
1151 1393 1255 1458 fluvia
1280 1399 1517 1460 transmeamus
1543 1401 1659 1461 etth-D·
1673 1408 1745 1456 ¹⁰⁹6·

508 1493 643 1571 .maria,
681 1498 721 1557 ut
758 1514 878 1579 aquam
909 1515 1101 1579 quaeramus.
1147 1495 1230 1562 Ecce
1261 1497 1304 1561 ad
1328 1520 1465 1563 manum
1487 1498 1576 1585 quod

506 1594 711 1679 .quaerimus
781 1594 827 1661 Et
860 1597 918 1682 qui
960 1597 1182 1663 infideliores¹
1215 1599 1275 1663 vili
1307 1601 1408 1687 vulgo
1440 1600 1577 1667 Judaeo·

505 1696 654 1766 .rumt''
710 1698 756 1762 Et
777 1698 839 1764 hoc
861 1700 1023 1787 praecipue
1045 1700 1171 1766 factum
1194 1706 1245 1767 est
1278 1701 1315 1766 in
1344 1703 1521 1790 Magantia
1543 1709 1579 1770 et

526 1799 665 1866 Colonia
690 1801 907 1882 civitatibus;
939 1803 998 1868 ubi
1028 1803 1131 1868 etiam
1157 1804 1271 1870 Emico
1301 1805 1444 1881 nomine,
1469 1828 1577 1874 comes

523 1903 558 1967 in
580 1903 660 1989 ipsis
682 1903 834 1990 partibus
856 1910 1052 1993 praepetem,
1068 1927 1182 1973 eorum
1204 1905 1347 1974 coetibus
1369 1908 1577 1994 conjunctus,

524 2005 759 2072 maleficiorum
783 2013 856 2073 erat
885 2008 1032 2095 ipsorum
1056 2010 1220 2098 particeps
1250 2016 1286 2077 et
1307 2012 1460 2077 incentor
1482 2012 1576 2100 flagi-

523 2109 655 2175 tiorunn
701 2110 768 2190 Qui
791 2132 911 2188 omnes,
934 2117 1125 2178 transcursa
1156 2112 1341 2179 Franconia
1363 2118 1398 2180 et
1422 2115 1575 2195 Bavaria,

524 2233 598 2276 cum
627 2212 710 2278 fines
741 2214 926 2302 Hungariae
960 2216 1155 2302 attigerunt,
1186 2216 1342 2282 arbitrati
1375 2222 1457 2282 sunt
1488 2220 1575 2304 quod

523 2314 637 2380 liceret
670 2315 717 2380 eis
754 2338 894 2402 regnum
931 2318 1014 2383 illud
1052 2318 1155 2384 libere
1192 2319 1353 2399 introire;
1392 2319 1449 2385 sed
1486 2321 1576 2407 apud
1588 2327 1662 2394 They

523 2418 721 2505 Meezeburg
750 2420 895 2484 clausum
925 2422 1125 2507 reperientes
1155 2423 1291 2501 aditum,
1324 2422 1410 2488 circa
1438 2428 1573 2510 pontem
1586 2395 1731 2513 ἓξὲξ

522 2523 749 2587 substiterunt.
796 2522 896 2587 Porro
926 2546 986 2588 rex
1015 2529 1112 2589 terren
1145 2524 1328 2611 ingressum
1351 2526 1492 2591 transire
1515 2549 1574 2592 vo·
1585 2528 1749 2595 nianburg,

522 2624 666 2690 lentibus
696 2626 912 2690 mandaverat
942 2627 1115 2712 prohiberi,
1148 2648 1263 2692 verens
1294 2649 1336 2692 ne
1366 2627 1572 2713 injuriarum,

523 2749 604 2813 quae
639 2727 849 2793 Godeseallus
881 2751 1050 2816 perpessus
1082 2729 1200 2807 fuerat,
1233 2752 1400 2810 memores,
1425 2730 1464 2796 in
1494 2731 1575 2796 ulti-

525 2851 620 2895 onem
642 2851 734 2894 arma
764 2835 936 2896 moverent
959 2831 1150 2897 introducti.
1198 2832 1306 2910 Unde,
1329 2832 1436 2920 petita
1458 2855 1479 2898 α
1500 2855 1576 2921 rege

355 2952 513 3032 ngwffld
526 2932 660 2998 lieentia
683 2933 815 3020 pacifice
838 2935 1041 3012 transeundi,
1063 2957 1138 3000 cum
1161 2934 1225 2999 sibi
1257 2935 1390 3022 penitus
1413 2935 1578 3022 denegata

402 3034 430 3071 ¹¹·
443 3024 481 3073 ⁷³·
526 3035 633 3113 esset,²
655 3040 845 3125 proponunt
874 3042 989 3118 terras,
1013 3060 1094 3125 quas
1124 3038 1210 3103 circa
1240 3037 1359 3104 fluvios
1382 3042 1418 3103 et
1440 3038 1578 3125 paludes

524 3162 583 3205 rex
604 3139 802 3227 possederat,
827 3141 1026 3228 depopulari,
1046 3141 1236 3206 suburbana
1258 3140 1461 3222 succendere,
1485 3147 1519 3206 et
1541 3142 1578 3204 in

523 3243 620 3308 rebus
642 3243 713 3329 ejus
734 3242 902 3309 hostiliter
922 3244 1089 3311 desaevire.
1134 3244 1267 3309 Accidit
1293 3243 1398 3331 igitur
1421 3244 1475 3309 die
1498 3265 1579 3330 qua-

522 3346 607 3423 dam,
630 3346 719 3432 quod
741 3346 944 3435 septingenti
979 3369 1021 3413 ex
1053 3347 1140 3434 regis
1162 3347 1284 3412 militia
1313 3347 1448 3434 navigio
1470 3351 1578 3410 trans-

523 3454 639 3514 euntes
671 3448 821 3529 occulto,8
844 3454 883 3514 ut
913 3473 934 3515 a
964 3449 1213 3537 peregrinorum
1244 3449 1376 3535 injuriis
1409 3449 1578 3536 regionem

523 3557 705 3632 tuerentur,
741 3574 819 3617 casu
851 3559 965 3618 tamen
993 3552 1144 3618 hostibus
1176 3552 1287 3617 subito
1322 3550 1526 3631 obviabant3
1556 3573 1577 3615 a

524 3655 644 3741 quibus
677 3676 770 3741 paene
804 3677 917 3720 ornnes
948 3654 1116 3720 interfecti
1150 3660 1239 3732 sunt,
1275 3654 1422 3740 exceptis
1452 3653 1575 3739 paucis,

523 3759 580 3845 qui
601 3759 638 3823 in
668 3763 794 3824 carecto
817 3762 852 3823 et
874 3757 1049 3844 paludibus
1080 3756 1301 3823 salvabantur.
1346 3755 1392 3821 Et
1414 3755 1476 3820 hac
1497 3753 1574 3819 freti
1586 3761 1739 3826 whiehthey

522 3861 662 3927 victoria
682 3861 846 3947 peregrini
868 3859 1052 3947 adjiciunt⁴
1082 3860 1193 3938 etiam,
1216 3863 1264 3937 ut,
1294 3859 1452 3945 pontibus
1473 3829 1735 3945 fabriffiffu‘

524 3965 614 4046 catis,
646 3964 836 4050 praesidium
873 3962 1088 4051 expugnent,⁵
1126 3968 1160 4027 et
1197 3961 1263 4026 iter
1294 3959 1413 4046 gladiis
1447 3963 1674 4046 praepa-festal-

522 4073 643 4145 rentes,
665 4089 802 4154 regnum
824 4067 952 4133 intrent
974 4064 1145 4132 violenter.
1191 4063 1322 4128 Deinde
1344 4066 1470 4149 pontes,
1493 4082 1575 4147 quos

500 4239 506 4255 ,
524 4175 787 4251 construxerant,
806 4171 972 4236 moenibus
992 4168 1168 4257 applicant,
1183 4173 1218 4233 et
1237 4188 1295 4254 per
1313 4187 1426 4231 eorum
1448 4165 1576 4228 instan-

499 4276 607 4356 ,tiam
629 4274 671 4338 ad
703 4273 739 4338 id
769 4279 968 4360 perventum
999 4278 1058 4351 est,
1094 4276 1134 4337 ut
1162 4271 1234 4357 jam
1264 4273 1394 4356 pateret
1416 4267 1577 4332 introitus

524 4377 712 4465 peregrinis.
759 4377 825 4443 Sed
847 4399 918 4443 ecoe
941 4376 1052 4441 subito
1083 4373 1215 4441 coelitus
1244 4373 1375 4437 incusso
1396 4369 1578 4435 victoribus

524 4481 651 4560 timore,
685 4480 773 4546 versi
806 4486 886 4546 sunt
919 4479 957 4543 in
991 4479 1112 4565 fugem,
1147 4497 1279 4543 causam
1312 4473 1447 4562 penitus
1482 4473 1578 4560 igno·

558 4763 566 4795 ¹
579 4762 741 4830 infideliores]
771 4764 810 4815 At
831 4763 893 4826 first,
920 4759 1029 4828 insedili-
1071 4760 1179 4811 sertions
1190 4758 1244 4808 will
1262 4763 1308 4807 not
1324 4755 1400 4821 again
1419 4754 1451 4807 be
1467 4753 1578 4814 noticcd,

525 4862 585 4897 crea
1071 4846 1162 4904 except
1172 4839 1199 4889 in
1210 4838 1304 4904 special
1314 4837 1448 4887 instantes.

558 4924 653 4991 2εααει]
672 4924 767 4975 Added
783 4925 810 4973 in
826 4938 915 4990 marg,
926 4924 977 4973 and
989 4921 1028 4971 in·
1049 4926 1051 4939 '
1126 4916 1229 4983 occulto]
1250 4917 1343 4977 oculto,
1355 4915 1413 4966 MS.

524 5005 644 5058 aertedin
655 5005 699 5056 the
710 5011 765 5055 text
782 5004 813 5054 of
824 5004 865 5065 F,
881 5004 927 5053 but
941 5001 1030 5053 asthis
1105 4996 1263 5064 'adjiciam
1283 4994 1406 5056 adiciunt,
1416 4993 1475 5045 MS.

522 5085 545 5135 is
563 5084 652 5150 nearly
664 5084 761 5150 always
775 5083 818 5133 the
835 5098 901 5148 case,
913 5083 976 5135 such
988 5082 1028 5132 in·
1105 5074 1278 5144 ἀτριιφιοαε]
1297 5083 1470 5141 expungnant,
1480 5072 1537 5125 us,

1344 5174 1366 5220 α
1382 5156 1402 5219 2
