4442 6392
650 1197 716 1270 ato
792 1212 958 1264 narrum
982 1210 1198 1262 ranrsmnsm
1221 1208 1385 1260 maroam
1407 1208 1606 1259 anuuonun

997 1484 1088 1552 Obiit
1110 1482 1243 1551 Lucius
1263 1505 1368 1570 papa.

485 1651 553 1703 Al).
569 1657 641 1702 1145.
697 1638 855 1726 Tempore
879 1659 1008 1724 quoque
1040 1637 1101 1702 sub
1134 1636 1249 1703 eodem
1273 1636 1402 1712 Lucius,
1425 1635 1507 1700 lucis
1530 1658 1648 1724 expers
1671 1643 1726 1703 et.

485 1743 569 1792 Deam
653 1741 793 1816 honoria,
815 1741 857 1806 ab
881 1742 942 1806 hac
972 1741 1043 1806 luco
1076 1741 1232 1827 migrans,
1259 1745 1401 1827 papatus
1432 1739 1484 1803 sui
1515 1740 1594 1819 dies,
1627 1740 1725 1807 licet.

483 1810 583 1928 {iffi
589 1877 624 1928 11.
652 1866 780 1933 paucae,
803 1845 873 1909 sino
897 1843 1127 1932 plangentium
1151 1842 1388 1908 lamentatione
1416 1841 1615 1907 terminavit.
1718 1887 1726 1903 .

697 2135 882 2213 Heracleus,
904 2155 962 2200 rec
979 2133 1138 2221 futuras,
1161 2132 1204 2198 a'a
1226 2131 1489 2199 Normcaaicm
1513 2130 1662 2198 transiit.

485 2259 553 2310 ΑΒ·
568 2261 640 2309 ¹¹⁴⁰·
698 2286 797 2349 Anno
822 2281 959 2347 Domini
983 2293 1214 2346 nt0.c⁰.xn⁰.v1⁰.
1242 2279 1416 2357 Henricus,
1439 2279 1569 2346 comitis
1596 2280 1888 2353 Ande-1³⁰8·W0¹¹⁶·

484 2351 574 2480 ¹}ng
587 2348 618 2397 οῗ
651 2389 759 2476 gaviae
782 2393 817 2452 et
835 2387 905 2471 jam
923 2385 1014 2450 ducis
1030 2384 1246 2449 Normanniae
1262 2382 1414 2450 Gaufridi
1435 2388 1469 2448 et
1492 2383 1706 2469 imperatricis
1755 2354 1857 2409 ΗΜ·

484 2490 801 2600 perpsutmtatildis
823 2489 920 2567 filius,
943 2488 979 2551 in
1002 2487 1246 2552 Normanniam
1269 2486 1441 2562 transiens,
1463 2487 1500 2550 in
1523 2486 1575 2550 die
1592 2486 1707 2551 Domi-

484 2565 588 2681 dandi:
651 2597 734 2661 nicae
757 2591 965 2659 Asceruionis
988 2589 1077 2677 apud
1099 2588 1240 2654 Beocum
1263 2588 1440 2654 honorifice
1463 2594 1632 2674 susceptus
1655 2593 1888 2673 esthaWent

513 2702 611 2766 sMay.
651 2722 672 2762 a
701 2701 875 2761 conventu.
933 2692 1114 2758 Dicebatur
1147 2699 1258 2757 auteur
1290 2692 1421 2777 passim,
1456 2693 1551 2776 quasi
1584 2693 1725 2778 spiritu·
1754 2667 1858 2716 “²³⁷⁰

484 2785 615 2901 &22¹¹ssss
651 2797 852 2887 prophetico,
868 2800 903 2861 et
925 2796 966 2859 de
989 2816 1068 2860 anre
1090 2794 1133 2858 ad
1155 2816 1268 2859 aurern
1284 2815 1358 2858 cum
1374 2793 1470 2859 famae
1493 2794 1728 2874 incremento„

485 2867 618 2997 tietmare
654 2902 741 2987 quod
764 2901 800 2963 in
822 2898 946 2984 Anglia
977 2897 1036 2961 diu
1059 2902 1093 2962 et
1115 2897 1255 2984 gloriose
1286 2901 1483 2984 regnaturus
1513 2904 1594 2978 erat,
1617 2921 1728 2964 mur--

485 3000 564 3116 ζθγιῇἱῖ·
611 3070 627 3117 <t
654 3026 729 3068 mur
761 3000 966 3088 personabat.
1025 3000 1097 3080 Quo
1132 2999 1246 3084 utique
1278 3005 1426 3086 tempore
1450 3000 1635 3066 Willelmus
1665 3003 1727 3068 de·

487 3083 642 3184 sfssssiffme
655 3107 777 3172 Sancta
794 3102 948 3179 Barbara,
965 3100 1118 3168 decanns¹
1137 3101 1360 3181 Eboraceusis,
1384 3103 1492 3168 factus
1514 3109 1565 3168 eat
1587 3105 1709 3191 episco-

486 3201 717 3318 petenpotpus
740 3203 994 3274 Dunelmensisfl

513 3268 610 3318 urbam.

764 3475 814 3540 Dc
836 3481 941 3541 morte
964 3471 1145 3561 (luitfridi,
1168 3472 1298 3541 abbatis
1320 3475 1441 3544 Sancti
1462 3477 1619 3544 abaci?

511 3643 542 3687 aa
555 3603 614 3688 Feb.
701 3621 826 3688 Eodem
857 3643 953 3700 anno,
988 3644 1018 3687 v.
1052 3621 1211 3686 kalendas
1246 3623 1370 3702 Martii,
1403 3625 1487 3692 obiit
1519 3627 1709 3694 reverendae
1721 3639 1895 3706 Regnent.

487 3727 614 3843 penger
655 3726 820 3791 memoria
838 3723 1024 3800 causans,
1042 3723 1145 3788 abbas
1168 3726 1708 3818 ealesiaeBeatialbani,Ang1o
1757 3708 1788 3760 a.
1801 3715 1865 3764 ²³⁷·

488 3810 643 3913 „ffsstofygp
655 3851 729 3893 rum
760 3826 1035 3914 prothomartiris,
1059 3832 1233 3913 postquam
1265 3830 1362 3894 annis
1384 3833 1474 3898 xxvi.
1497 3834 1711 3900 laudabiliter

487 3929 602 3978 anana.
657 3930 892 4027 monasterium
923 3934 1054 3995 rex'erat
1085 3935 1313 3997 memoratum.
1360 3934 1463 4021 Oujus
1494 3937 1652 4003 beneficia
1673 3946 1728 4006 et·
1755 3957 1803 4010 sol.
1821 3966 1857 4011 50
1870 3979 1896 4012 a.

656 4033 792 4121 pietatis
818 4054 915 4119 opera
937 4032 964 4098 si
988 4033 1063 4118 quis
1094 4032 1209 4098 audire
1232 4033 1405 4114 desiderat,
1439 4039 1561 4105 librum
1583 4041 1729 4128 relegat.

657 4137 698 4201 de
722 4135 832 4201 Gestis
854 4134 1026 4200 Abbatum
1058 4135 1093 4199 in
1116 4137 1250 4201 ecclesia
1281 4138 1438 4224 praedicta
1459 4142 1651 4222 confectum,
1674 4150 1730 4210 ct·

657 4238 847 4304 invenietur
877 4259 997 4303 nomen
1031 4238 1102 4323 ejus
1133 4260 1209 4303 cum
1242 4239 1471 4309 bencdictione
1502 4248 1730 4333 sempiterna..

659 4340 801 4407 Vacavit
837 4345 948 4406 autem
980 4339 1116 4405 ecclesia
1144 4347 1333 4420 memorata,
1365 4344 1421 4430 pio
1452 4355 1583 4432 pastore
1614 4350 1711 4415 vidu.

490 4424 635 4554 Ἀθᾞγῗο
659 4450 724 4521 ata,
747 4466 768 4508 a
790 4443 962 4530 [quinto]⁴
985 4441 1137 4506 kalendis
1170 4443 1285 4508 Martii
1318 4449 1489 4532 usquead
1512 4451 1714 4537 Rogationes

488 4568 602 4618 Eteonon
660 4547 811 4633 proximo
843 4551 1026 4631 sequentes.
1085 4544 1159 4625 Quo
1190 4551 1336 4633 tempore
1370 4551 1522 4617 monachi
1544 4554 1715 4640 elegerunt

488 4634 634 4751 duddihas
660 4646 874 4733 Radulphum
909 4646 1053 4726 Gubiun,
1089 4649 1288 4714 monaahum
1326 4651 1366 4716 do
1403 4655 1529 4739 gremio
1570 4656 1714 4723 ecelesiae

490 4769 572 4818 abbat.
662 4787 1709 4809 Q*

691 4873 698 4903 ¹
711 4869 830 4934 decanus]
853 4869 931 4919 From
953 4868 1004 4920 this
1027 4869 1098 4918 word
1120 4868 1164 4920 the
1239 4862 1249 4890 ¹
1262 4860 1325 4911 This
1337 4862 1440 4926 chapter
1451 4864 1474 4913 is
1485 4865 1588 4916 omitted
1599 4867 1626 4916 iu
1637 4868 1667 4918 F.

657 4958 713 5001 te'xt
724 4951 746 4998 is
757 4948 871 5012 wanting
883 4949 910 4997 in
932 4949 964 4998 D.
984 4956 1010 4998 to
1022 4955 1163 5010 armatura,

658 5046 681 5094 p,
695 5035 751 5081 279,
1242 5021 1359 5087 ⁴qm'nto]
1377 5022 1499 5088 Supplied
1510 5026 1574 5075 from
1583 5027 1624 5079 W.
1639 5029 1671 5078 A.
1683 5031 1713 5081 C.

690 5109 753 5158 “He
774 5122 826 5157 was
848 5108 1010 5159 consecrated
1032 5113 1065 5158 20
1086 5106 1165 5170 June,
1185 5127 1186 5133 ¹
1209 5103 1260 5152 and
1272 5106 1286 5132 “
1296 5103 1350 5154 vit.
1364 5105 1475 5155 Abbat.”
1488 5120 1512 5170 p.
1525 5111 1565 5156 64.

660 5193 731 5239 naa.
766 5186 892 5250 ranan
906 5191 963 5238 aaa.
1184 5147 1187 5223 l
