4442 6392
700 1192 748 1241 nn
769 1191 928 1242 rnuronn
951 1191 1053 1243 neers
1075 1192 1231 1258 unuarcr,
1254 1192 1319 1243 vrz.
1341 1193 1452 1243 emur.
1544 1180 1607 1242 201

609 1465 681 1532 Rea·
703 1465 902 1552 duplorum
923 1464 1101 1534 Hearicus
1121 1489 1287 1553 pererrem
1308 1474 1415 1535 areret
1437 1474 1558 1534 cont-ra

817 1569 970 1655 fratrem
992 1591 1098 1636 suum
1120 1570 1342 1657 R[oberlnm].

386 1703 545 1805 riopwend.
604 1716 703 1781 Anno
742 1716 880 1782 Domini
925 1733 1070 1784 M⁰.c⁰.v⁰.
1116 1740 1174 1784 rex
1219 1718 1403 1806 Anglorum
1446 1718 1691 1785 Henricusau.
1708 1733 1779 1780 1105.

421 1809 449 1845 ¹¹·
463 1800 517 1846 ¹⁸⁰·
559 1819 790 1886 transfretavit
828 1820 864 1884 in
903 1820 1152 1900 Normanniam,
1187 1827 1304 1888 contra
1340 1821 1474 1887 fratrem
1513 1844 1610 1888 sunm
1624 1819 1781 1910 Henrygoer

558 1923 674 1989 ducem
712 1919 905 1990 certaturus,
963 1924 1176 2010 (lonquisivit
1213 1924 1319 2011 igitur
1356 1924 1539 1992 Cadomurn
1577 1929 1613 1991 et
1624 1887 1727 2018 duddi,

543 2021 728 2105 'llaiocum
768 2025 909 2091 consulis
954 2026 1080 2091 auxilio
1126 2026 1384 2114 Andegavensis,
1426 2051 1501 2094 curn
1538 2027 1613 2093 aliis
1625 2021 1758 2138 &adures

559 2128 702 2193 castellis
740 2128 862 2193 multis.
909 2127 955 2192 Et
989 2150 1102 2194 omnes
1135 2128 1203 2194 fere
1236 2151 1306 2195 sese
1343 2129 1413 2216 regi
1450 2130 1612 2218 principes
1625 2102 1740 2220 13:⁹52ss

538 2231 776 2298 .Normanniae
799 2253 874 2298 cnm
904 2230 1026 2317 populo
1057 2231 1284 2311 subdiderunt,
1311 2231 1414 2317 juxta
1443 2233 1526 2298 illud
1556 2255 1613 2322 po·

539 2391 544 2403 .
559 2335 690 2417 eticum,

539 2506 546 2520 .
619 2460 636 2486 “
650 2449 775 2516 Mobile
799 2456 952 2517 versatur
975 2471 1104 2538 semper
1127 2472 1200 2517 cum
1226 2450 1379 2539 principe
1395 2449 1560 2540 vulgus’¹¹

720 2701 882 2769 Pretorio
906 2702 1101 2770 ecrwtitctc'e
1123 2702 1251 2790 rephca
1273 2701 1442 2770 Matildia

389 2851 547 2916 noguend,
605 2828 794 2914 Eodemque
816 2834 963 2915 tempore
994 2829 1114 2908 David,
1138 2829 1241 2895 frater
1272 2829 1396 2917 reginae
1426 2827 1611 2915 Anglorum
1625 2846 1753 2910 Humility

422 2919 450 2968 ¹¹·
465 2922 519 2969 ¹⁸⁰·
562 2928 720 3010 Matildis,
744 2931 896 2996 venitin
920 2931 1087 3018 Angliam,
1111 2937 1150 2996 ut
1174 2931 1329 2998 dilectam
1352 2953 1495 2997 sororem
1518 2953 1611 2996 snam
1625 2913 1746 3032 ‘ffiffiff

537 3032 706 3105 ‚fraterna
738 3034 858 3099 ductus
890 3033 1065 3100 dilectione
1103 3034 1263 3100 visitaret.
1312 3033 1378 3115 Qui
1410 3056 1484 3100 cum
1516 3039 1612 3099 nocte

559 3135 701 3221 quadam
732 3135 769 3199 in
798 3134 983 3201 thalamum
1017 3136 1088 3222 ejus
1121 3137 1373 3224 supervenisset,
1396 3137 1531 3202 domum
1561 3136 1612 3201 in·
1670 3163 1674 3168 ·

540 3238 653 3308 ‚venit
682 3237 817 3325 leprosis
846 3239 984 3325 plenam.
1030 3239 1159 3327 Regina
1187 3262 1276 3318 vem,
1310 3240 1518 3306 dominarum
1549 3239 1613 3306 ele·

558 3339 762 3426 gunthelme,
784 3341 818 3404 in
843 3341 952 3406 medio
975 3345 1077 3422 stans,
1100 3341 1251 3428 deposito
1272 3343 1373 3429 pallio
1396 3365 1465 3419 suo,
1484 3341 1612 3407 lintheo

559 3465 594 3506 se
632 3444 814 3530 praecinxit,
845 3450 887 3522 et,
926 3466 1014 3529 aqna
1039 3444 1129 3531 pelvi
1163 3445 1327 3530 imposita,
1360 3446 1462 3532 coepit
1499 3445 1612 3510 lavare

542 3544 659 3631 pedes
682 3546 886 3634 singulorum
909 3552 945 3613 et
966 3546 1094 3612 lintheo
1124 3552 1304 3634 extergere,
1326 3547 1467 3633 genibus
1493 3547 1612 3612 devote

560 3649 663 3726 flexis,
687 3655 721 3715 et
744 3650 893 3737 utrisque
916 3650 1071 3716 manibus
1093 3648 1250 3715 strictos²
1273 3671 1328 3715 ore
1350 3656 1385 3716 et
1404 3649 1507 3716 oculis
1531 3648 1612 3714 nmi-

560 3751 711 3818 cabiliter
733 3752 834 3817 etiam
856 3752 1018 3817 deformes
1048 3750 1238 3818 deosculari
1285 3750 1350 3818 Oui
1379 3752 1482 3817 frater
1506 3749 1611 3815 adrni-

560 3875 645 3931 mne,
667 3855 724 3930 ait,
757 3854 876 3936 “Quid
898 3861 950 3919 est
976 3853 1062 3941 quod
1087 3853 1168 3941 agis,
1191 3852 1327 3918 domina
1356 3875 1394 3918 ac
1424 3874 1515 3918 soror
1537 3873 1613 3916 mea

560 3957 788 4023 nobilissima?
835 3957 943 4037 Certe,
966 3956 995 4022 si
1025 3977 1085 4022 rex
1115 3955 1214 4021 sciret
1242 3956 1317 4037 ista,
1346 3976 1520 4041 nunquam
1543 3954 1613 4040 dig-

542 4065 696 4126 ·naretnr
728 4083 763 4125 os
797 4066 893 4125 tuum
927 4058 1130 4146 leprosorum
1164 4057 1286 4145 pedum
1323 4058 1415 4123 sanie
1448 4056 1611 4145 pollutum

559 4162 657 4246 regiis
679 4161 777 4226 labiis
807 4158 1018 4227 deosculari.''
1063 4159 1112 4226 At
1136 4160 1196 4225 illa
1226 4160 1403 4226 subridens
1432 4159 1611 4248 respondit,

489 4291 496 4303 =
560 4263 691 4327 “Pedes
714 4262 800 4348 regis
830 4262 947 4328 reterni
977 4262 1052 4349 quis
1081 4263 1187 4329 nescit
1216 4262 1314 4330 labiis
1343 4262 1429 4350 regis
1459 4261 1612 4329 morituri

541 4388 629 4437 ,esse
660 4364 903 4450 praeferandasl
946 4365 989 4430 In
1020 4386 1162 4453 paupere
1190 4365 1246 4430 Illi
1278 4365 1440 4446 ministro,
1465 4366 1523 4452 qni
1554 4366 1612 4443 ait,

541 4467 677 4548 ,‘Quod
701 4465 759 4531 nni
781 4489 824 4531 ex
846 4466 927 4532 meis
949 4467 1097 4533 minimis
1122 4467 1236 4545 fecisti,
1258 4468 1341 4532 mihi
1367 4468 1512 4555 profecto
1535 4491 1611 4534 con·

542 4568 708 4642 tarisum
754 4568 916 4657 Exemplo
938 4571 1015 4651 mei,
1038 4571 1141 4637 frater
1163 4568 1355 4648 carissime,⁴
1372 4570 1460 4637 disce
1490 4571 1612 4637 similia

561 4672 697 4761 operari,
722 4677 761 4738 ut
787 4693 914 4738 mecum
945 4673 1084 4761 praemia
1114 4673 1257 4761 recipere
1286 4673 1467 4739 merearis’'
1514 4675 1612 4756 Quod

540 4798 635 4846 ,cum
673 4775 775 4842 frater
816 4797 994 4863 corrogans
1031 4797 1127 4842 nares
1158 4776 1293 4865 praecise
1331 4777 1502 4855 renuisset,
1539 4777 1612 4865 ipsa

541 4878 713 4951 devotius
736 4900 838 4966 usque
860 4877 904 4944 ad
926 4878 1243 4945 consummationem
1266 4879 1384 4967 coeptis
1406 4878 1587 4948 insistebat.

593 5074 601 5106 ¹
613 5073 734 5124 Founded
746 5089 779 5123 on
792 5073 867 5125 Ovid.
880 5073 957 5124 'l'rist
969 5074 1006 5125 ix.
1018 5078 1055 5124 la.
1142 5071 1255 5124 ’Marta
1267 5088 1329 5123 xxv.
1342 5076 1382 5122 40.

592 5152 724 5220 ’errictch
736 5152 893 5217 constrictos,
901 5151 944 5204 W.
952 5153 986 5205 A.
994 5152 1061 5205 C.D.
1143 5152 1302 5218 ‘caused
1320 5151 1460 5217 karissime,
1472 5152 1529 5207 MS.
