4442 6392
631 1142 697 1208 ³30
764 1154 930 1203 narrum
954 1150 1352 1202 mammaemammal
1375 1153 1575 1204 motorum

459 1354 528 1405 Ap,
547 1357 617 1404 ner.
632 1335 752 1397 vectus
814 1329 921 1394 Actus
950 1350 1027 1415 ergo
1061 1327 1096 1391 in
1127 1327 1265 1393 exilium
1302 1327 1428 1394 Christi
1462 1331 1633 1409 censemur,
1667 1354 1687 1394 a

460 1450 591 1501 andisre·
632 1433 766 1499 domino
789 1455 875 1520 papa
901 1430 1101 1506 Alexandro,
1126 1431 1260 1496 coexule
1283 1452 1350 1507 suo,
1375 1431 1515 1498 Senonis
1538 1439 1686 1520 receptus

460 1518 594 1582 ceivedby
631 1541 689 1613 est,
722 1540 758 1600 et
791 1536 858 1600 cito
895 1540 971 1621 post
1003 1533 1252 1599 Pontiniaoensi
1285 1536 1486 1600 monasterio
1522 1557 1687 1602 commen·

459 1583 502 1633 the
513 1599 577 1647 pope

460 1658 485 1700 at
497 1650 568 1701 sens.
631 1636 750 1704 datus¹

641 1852 828 1938 Postquam
850 1849 1020 1917 acclamata
1042 1849 1253 1915 dedicatam
1276 1851 1316 1915 de
1337 1849 1506 1936 Radiapc,
1525 1859 1669 1937 portam
1695 1905 1701 1918 .

796 1952 1075 2019 ultramarinam
1098 1952 1205 2018 abac
1228 1952 1343 2018 baasa
1367 1951 1517 2019 Thomas.

460 2128 608 2180 Dedication
674 2103 871 2169 Notandum
905 2108 1027 2180 autem,
1062 2103 1151 2188 quod
1183 2110 1263 2169 aute
1298 2102 1437 2168 exilium
1470 2126 1568 2168 suum
1592 2102 1705 2169 dedi.

459 2196 596 2312 mbos
629 2212 762 2272 caverat
803 2206 921 2270 beatus
959 2204 1102 2269 Thomas
1140 2203 1308 2270 ecclesiam
1352 2205 1605 2271 conventualem
1642 2206 1701 2270 de.

459 2329 581 2394 Reading.
631 2309 791 2395 Radinge‚
830 2312 992 2394 praesente
1029 2329 1105 2394 rege
1144 2312 1179 2372 et
1220 2308 1470 2396 quamplurimis
1516 2309 1702 2397 episcopis..

630 2409 731 2476 Unde
763 2415 836 2476 tum
866 2415 1001 2496 propter
1027 2409 1280 2475 translationem
1306 2409 1397 2475 beati
1419 2410 1586 2490 Edwardi,
1609 2415 1702 2476 turn.

629 2518 765 2601 propter
786 2512 873 2577 hanc
894 2511 1145 2590 dedicationem,
1169 2512 1228 2576 ubi
1251 2510 1309 2577 et⁹
1333 2511 1409 2578 hinc
1431 2512 1565 2579 atinde
1589 2535 1703 2602 suam.

457 2651 576 2701 Raneour
628 2638 688 2681 rex
711 2614 864 2681 exhibuit
895 2613 1114 2701 praesentiam,
1138 2614 1333 2681 credebatur
1367 2614 1409 2680 ab
1442 2615 1594 2681 omnibus
1623 2637 1700 2680 rex.

458 2717 592 2796 showpby
628 2738 758 2783 omnem
781 2716 884 2782 animi
908 2737 1086 2793 rancorem,
1102 2739 1201 2803 quam
1225 2717 1383 2782 adversus
1405 2717 1701 2803 archiepiscopum.

458 2784 575 2900 iiiiii?
627 2825 827 2906 conceperat,
851 2817 1062 2885 exsufflasse.⁸
1118 2817 1184 2885 Sed
1207 2839 1275 2885 non
1297 2823 1368 2886 erat
1390 2820 1460 2901 ita;
1490 2819 1552 2885 sub
1582 2819 1700 2886 ovino.

458 2917 584 2994 meamh-
626 2921 746 2987 vellere
776 2943 835 2986 rex
865 2921 1013 3007 lupinam
1043 2919 1275 2987 crudelitatem
1304 2921 1557 3008 palliandam]
1588 2943 1701 2987 suam.

458 2982 555 3048 bnhop.
626 3023 783 3110 quaesivit
814 3021 968 3101 animam,
997 3023 1049 3088 vel
1084 3023 1251 3089 ecclesiam
1281 3046 1341 3110 pro
1373 3045 1420 3101 eo,
1452 3023 1545 3109 quasi
1577 3022 1699 3110 culpis.

626 3125 694 3190 suis
714 3124 934 3213 exigentibus,
950 3123 1127 3191 destruere.
1174 3125 1270 3207 Quod
1293 3125 1467 3192 manifeste
1489 3124 1579 3215 apud
1595 3123 1698 3193 Nor.

624 3228 818 3294 hamtonam
842 3227 1093 3308 demonstravit,
1117 3233 1156 3294 ut
1179 3227 1375 3314 praedictum
1394 3227 1465 3314 jam
1489 3233 1546 3294 est.

700 3503 872 3569 Procarct
893 3500 1105 3591 Frcttcricue
1127 3501 1316 3588 imperator
1338 3502 1453 3569 alima
1469 3525 1605 3597 popam
1692 3557 1698 3570 .

1051 3601 1258 3670 substituere.

457 3723 589 3852 ggfflf,
671 3745 820 3823 Interim,
844 3743 999 3809 defuncto
1023 3742 1208 3809 Octoviano
1239 3749 1274 3809 et
1298 3746 1455 3811 exulante
1478 3747 1698 3829 Alexandro·
1726 3727 1732 3735 ’

457 3857 582 3922 ωιῑρορε,
625 3853 779 3936 procurat
803 3845 1013 3912 Frethericus
1040 3845 1142 3910 alium
1162 3847 1385 3914 substituere⁴
1409 3872 1575 3917 summum
1598 3876 1697 3941 pon.

455 3926 510 4041 ,⁸122
521 3926 588 4041 ἔξω
625 3952 756 4017 tificem

455 4057 563 4108 Paschal

456 4123 505 4175 111

683 4161 855 4248 Allcpcta‘o
877 4157 1091 4227 amiciciam
1113 4160 1203 4245 repis
1226 4161 1265 4226 H
1269 4134 1407 4249 [carici]
1424 4163 1473 4230 ΙΙ.
1497 4170 1616 4230 contro

979 4260 1115 4328 beatam
1138 4261 1308 4330 Ticinum.
1377 4351 1382 4360 .

451 4430 612 4497 allegamus
669 4401 763 4469 Missi
790 4411 870 4467 sunt
894 4398 1008 4493 eodem
1036 4405 1184 4488 tempore
1210 4402 1325 4467 nuncii
1348 4423 1368 4467 a
1390 4424 1467 4489 rege
1490 4402 1677 4489 Anglorum
1689 4413 1853 4481 Romanu.

454 4498 605 4615 ⁸⁸²{ss'2‘ffh0
624 4507 667 4574 ad
694 4527 813 4592 papam
837 4503 986 4580 Senonis,
1011 4503 1070 4589 qui
1096 4504 1132 4568 in
1154 4504 1349 4570 consistorio
1383 4526 1492 4571 coram
1525 4526 1564 4571 eo
1593 4504 1678 4570 talia
1721 4482 1749 4533 ii·
1763 4489 1822 4535 ³⁰⁶·

454 4580 604 4683 ldrblfoii
622 4609 828 4695 allegabant:
865 4606 961 4671 Inter
977 4605 1148 4687 Thomam,
1166 4606 1438 4674 cantuariensem
1463 4607 1678 4695 archiepisco·
1690 4616 1852 4682 Bog.Wenu

454 4697 577 4764 thepope.
623 4734 711 4801 pum,
734 4716 768 4777 et
791 4731 901 4797 regem
925 4708 1110 4798 Anglorum
1145 4711 1368 4777 controversia
1400 4712 1605 4792 versabatur,
1637 4709 1678 4776 de
1723 4683 1750 4735 ii.
1762 4689 1822 4736 ³⁰⁷·

657 5016 663 5045 ¹
675 5012 865 5078 commendatur]
885 5013 1057 5074 comendatus,
1068 5012 1125 5064 MS.
1205 5016 1382 5082 ΨΜ]
1402 5015 1533 5079 exufiuse,
1544 5015 1602 5068 Ma

657 5092 764 5160 Μῶα]
784 5092 884 5146 OnaF.
1205 5094 1382 5163 *Μανῆ
1402 5096 1543 5157 sustituerc,
1555 5094 1613 5148 ΜΒ.
1671 5107 1674 5115 ’
