4442 6392
655 1137 720 1204 370
786 1144 953 1200 usrrunr
975 1147 1187 1199 rsmsrsusrs
1209 1142 1372 1197 merosus
1393 1142 1594 1195 suenorum

487 1339 555 1389 ΑΙ).
571 1336 642 1390 1171.
656 1324 890 1411 archiepiscopi
913 1322 977 1409 [et]
992 1323 1000 1360 ¹
1025 1322 1170 1411 episcopi
1185 1323 1295 1410 ipsum
1310 1323 1347 1387 in
1361 1338 1471 1410 regem
1486 1323 1521 1387 et
1535 1320 1706 1386 domiuum
1720 1338 1884 1404 seguono

488 1419 616 1535 {2332}
657 1428 809 1493 alacriter
832 1432 1051 1513 susceperimt
1077 1432 1110 1493 et
1134 1427 1238 1492 'eidem
1272 1426 1469 1493 fidelitatem
1498 1424 1707 1510 juraverunt.
1754 1407 1782 1460 ὓ·
1795 1413 1854 1458 ³⁶⁶·

394 1559 398 1571 ¹
488 1552 620 1601 chiefmo.
658 1530 806 1618 Regulus
829 1530 869 1595 de
892 1529 1049 1617 Limelye‚
1078 1528 1211 1616 regulus
1234 1530 1275 1595 de
1299 1529 1414 1606 Chore,
1439 1530 1473 1593 et
1495 1528 1628 1615 regulus
1651 1526 1709 1612 qui

487 1619 633 1735 ssffig'll
659 1633 854 1699 Monoculus
878 1632 1060 1711 dicebatur,
1079 1632 1110 1697 ei
1137 1632 1328 1719 homagium
1350 1632 1557 1717 juraverunt.
1603 1630 1710 1694 Bode-

488 1752 552 1817 king
564 1721 604 1802 of'
659 1737 747 1801 ricus
769 1739 889 1813 autern,
912 1736 1045 1822 regulus
1068 1733 1108 1801 de
1133 1735 1309 1813 sommas?
1324 1735 1403 1821 quia
1425 1735 1516 1822 regio
1537 1745 1636 1820 quam
1658 1732 1710 1798 in-

488 1818 792 1936 fessfflffllhabitat
815 1837 1048 1904 inaccessibilis
1070 1841 1129 1919 est,
1153 1858 1326 1904 nemorosa
1350 1843 1385 1903 et
1408 1836 1573 1925 palustris,
1598 1853 1711 1902 carens

488 1953 521 2002 do
530 1953 644 2019 homage.
658 1941 756 2007 vadis
778 1945 814 2006 et
846 1940 1028 2030 pontibus,
1045 1940 1108 2007 sibi
1146 1945 1223 2006 tutu
1254 1941 1405 2020 habetur,
1435 1940 1506 2026 regi
1544 1955 1710 2006 occurrere

657 2045 848 2133 supersedit.

657 2294 900 2364 Eboruceusis³
924 2294 1251 2384 [aratupsscoposp
1268 2301 1444 2381 porposui·
1465 2301 1495 2361 ct
1517 2293 1710 2362 absolvitur.

521 2453 611 2505 ⁶1)oe-
702 2446 804 2511 Anno
827 2465 958 2532 quoque
992 2445 1054 2511 sub
1089 2445 1213 2523 eodem,
1244 2444 1282 2510 in
1310 2443 1394 2510 festo
1417 2444 1524 2509 sancti
1548 2442 1710 2520 Nicholai,
1724 2450 1890 2533 Ropwffld.

489 2534 614 2652 TfheYabp.
658 2549 747 2636 apud
770 2547 1020 2625 Albemarliam‚
1037 2548 1193 2634 Rogerus,
1210 2546 1424 2612 Eboracensis
1439 2546 1709 2633 archiepiscopus,
1735 2579 1741 2592 ·
1759 2537 1785 2571 ¹¹·
1798 2528 1860 2574 ⁸⁶⁶·

490 2612 645 2746 ibulirsub-
659 2652 812 2739 praestito
829 2652 1031 2737 juramento,
1055 2652 1143 2737 quod
1165 2656 1243 2715 ante
1268 2650 1510 2716 coronationem
1532 2649 1611 2714 novi
1626 2650 1711 2735 regis
1735 2686 1741 2697 ·

489 2734 606 2785 ⁸⁰¹⁰²¹⁰¹¹¹
659 2755 773 2820 literas
796 2752 1075 2842 prohibitionisa
1105 2771 1192 2841 paps
1224 2771 1433 2841 nequaquam
1459 2757 1653 2841 susceperat,
1677 2756 1742 2817 et·

658 2857 747 2943 quod
770 2878 805 2923 se
827 2859 897 2944 regi
919 2859 960 2923 de
983 2858 1277 2923 consuetudinibus
1302 2857 1516 2923 observandis
1537 2879 1606 2923 non
1629 2854 1741 2922 osu·

659 2964 808 3047 gaverat,
833 2960 986 3046 quodque
1009 2966 1150 3026 mortem
1173 2961 1317 3038 Thomae,
1333 2960 1468 3047 gloriosi
1483 2960 1639 3037 martiris,
1653 2980 1714 3024 nec
1736 2991 1744 3006 ·

659 3064 770 3140 verbo,
795 3085 854 3128 nec
877 3064 1008 3150 script0,
1032 3085 1092 3129 nec
1115 3064 1202 3130 facto
1225 3065 1367 3130 scienter
1397 3069 1639 3152 procuraverat,
1670 3064 1713 3130 ad

662 3166 760 3232 officii
782 3167 834 3231 sui
857 3162 1029 3245 absolutus
1052 3166 1242 3233 restituitur
1263 3161 1513 3254 plenitudinem.

661 3467 711 3535 Dc
733 3467 1010 3536 canonicalium
1027 3469 1295 3538 Oculcorieuais
1310 3470 1460 3557 ecclesie,
1472 3481 1550 3562 post
1570 3483 1713 3545 masau

1066 3572 1154 3641 tecti
1178 3574 1317 3641 Thonsae.

491 3706 648 3833 ἓξζθξξξξὲ·
706 3710 777 3781 Sub
800 3709 890 3784 illius
912 3732 1044 3806 quoque
1071 3722 1153 3787 anni
1176 3715 1344 3803 curriculo
1368 3731 1443 3812 post
1466 3731 1606 3794 mortem
1621 3714 1711 3795 beati
1724 3733 1891 3814 RopWenu.

492 3849 628 3900 ehurchof
661 3808 794 3886 Thomae
817 3818 972 3901 martiris,
994 3840 1082 3888 anno
1105 3821 1219 3891 tamen
1239 3820 1306 3892 fere
1320 3826 1461 3917 integro,
1477 3830 1611 3898 ecclesia
1626 3824 1713 3899 ean.
1755 3818 1784 3854 ¹¹·
1796 3810 1857 3856 ³⁶⁶·

492 3916 594 3966 Cancer·
660 3923 836 3989 tusrlensis
867 3942 889 3989 u
920 3918 1042 3992 divinis
1077 3950 1205 3994 cessans
1238 3929 1411 4017 obsequiis,
1446 3935 1611 4000 continuis
1641 3958 1714 4024 per.

489 3983 563 4048 bury.
660 4025 750 4091 stitit
771 4027 808 4091 in
830 4020 995 4095 lamentis.
1041 4027 1245 4098 Subversum
1260 4033 1311 4100 est
1324 4040 1437 4101 sutem
1459 4037 1602 4105 ecclesiae
1624 4039 1716 4127 pavi·

660 4134 819 4208 mentum,
843 4153 943 4197 sonus
970 4155 1205 4221 campanarum
1220 4143 1270 4203 est
1292 4160 1479 4226 suspensus,
1494 4143 1613 4208 nudati
1636 4148 1717 4208 sunt

659 4231 801 4318 parietes
824 4236 1048 4318 ornamentis}
1069 4241 1104 4302 et
1126 4239 1225 4303 sicin
1239 4238 1381 4322 silentio,
1398 4247 1434 4308 et
1448 4245 1542 4330 quasi
1557 4244 1593 4309 in
1609 4246 1716 4312 cinere

660 4339 695 4399 et
718 4334 833 4414 cilicie,
848 4339 1006 4424 exequias
1020 4340 1057 4405 in
1071 4339 1214 4407 tristitia
1236 4347 1271 4408 et
1292 4357 1433 4412 moerore
1454 4347 1620 4434 persolvit.
1651 4349 1718 4416 Sed

664 4436 811 4517 tandem,
833 4439 877 4505 ad
899 4442 1018 4508 metris
1040 4464 1109 4510 sure
1133 4443 1394 4514 Dorobernensis
1416 4450 1559 4518 ecclesiae
1574 4453 1718 4519 vocatio
1750 4479 1753 4486 ·

515 4555 544 4599 21
558 4549 620 4603 nec.
660 4560 746 4622 nom,
781 4541 818 4606 in
840 4542 926 4610 festo
958 4546 1066 4611 sancu
1089 4546 1225 4614 Thomre
1252 4551 1393 4638 apostoli
1419 4554 1620 4642 sufflugnuei
1641 4577 1718 4621 con·

659 4651 824 4711 venerunt
847 4646 999 4735 episcopi,
1024 4653 1064 4714 ut
1089 4650 1258 4718 ecclesiam
1280 4651 1381 4742 longe
1406 4659 1617 4744 suspensione
1640 4680 1717 4724 con-

695 4924 752 4991 ¹ct]
773 4925 1067 4992 Suppueuuomwu.
1081 4933 1109 4986 O.
1121 4930 1155 4985 D.
1248 4935 1479 5007 metipsum]
1505 4931 1627 5007 snpplieu
1650 4943 1716 4996 llum

692 5005 703 5034 ²
717 5004 840 5072 Gemmas]
862 5007 978 5073 Gomnst,
990 5011 1032 5064 W.
1043 5013 1078 5064 Δ.
1091 5013 1121 5064 Ο.
1132 5013 1165 5065 D.
1212 5015 1242 5068 F.

694 5084 705 5113 ¹
718 5083 897 5155 Eboraccneis]
916 5090 1059 5156 Eborcritiu
1069 5091 1128 5147 MS.
