4442 6392
676 1191 722 1243 aa
744 1191 902 1241 rsueoun
926 1191 1027 1241 naurs
1051 1192 1207 1257 unumer,
1232 1193 1298 1244 urz.
1320 1194 1479 1246 saeuum.
1541 1184 1600 1247 451

532 1360 645 1429 ,rimm
664 1370 694 1420 et
712 1365 923 1432 vocaverimus,
943 1364 1098 1421 convenire
1119 1364 1188 1419 ilico
1213 1364 1250 1419 ud
1272 1362 1457 1418 formidabile
1476 1361 1772 1424 emolumentur,

552 1452 693 1503 nostrum.
732 1449 772 1506 Et
791 1467 853 1515 vos,
881 1466 948 1505 oum
975 1449 1091 1505 fueritin
1112 1448 1293 1518 congregati,
1314 1448 1392 1502 siout
1410 1453 1490 1503 carta
1507 1453 1606 1504 restro

392 1538 434 1588 fol.
449 1538 509 1591 tet.
550 1529 632 1597 diois,
665 1540 696 1589 et
724 1533 838 1590 ducetis
869 1533 1089 1589 multitudinem
1119 1539 1258 1598 vestram,
1288 1537 1323 1587 ut
1350 1536 1451 1588 narrat
1479 1533 1604 1588 nuncius

549 1621 657 1681 vester,
686 1617 869 1673 obviabimus
894 1617 977 1673 vobis
1008 1617 1186 1673 confidenter
1216 1634 1269 1688 per
1296 1615 1456 1687 potentiam
1482 1615 1547 1680 Dei,
1575 1623 1604 1670 et

550 1699 746 1771 optinebimus
772 1708 865 1756 terras
893 1701 1065 1757 fortitudine
1093 1700 1159 1756 Dei.
1206 1700 1294 1765 Nam,
1320 1700 1347 1754 si
1365 1699 1516 1765 veneritis,
1536 1718 1603 1755 cum

550 1789 610 1840 toto
628 1802 713 1857 posse
731 1791 831 1841 vestro
842 1785 977 1850 venietis,
993 1791 1023 1840 et
1040 1790 1200 1856 praesentes
1218 1784 1302 1839 eritis
1321 1801 1388 1839 oum
1406 1784 1485 1838 omni
1504 1791 1601 1856 gente.

549 1867 588 1922 Et
615 1868 734 1933 seimus,
764 1869 842 1940 quod
870 1869 969 1924 nullus
999 1869 1164 1924 remanebit
1190 1869 1221 1923 in
1249 1874 1328 1924 terra
1354 1876 1462 1934 restra,
1492 1868 1544 1939 qui
1571 1886 1602 1923 se

549 1949 704 2008 defendere
722 1953 817 2025 possit
834 1958 886 2008 aut
901 1959 1011 2008 terram
1027 1953 1115 2008 tueri.
1152 1951 1191 2007 Et
1207 1952 1322 2022 quando
1343 1951 1424 2007 Deus
1448 1951 1602 2007 victoriam

549 2052 603 2089 sua
626 2036 797 2092 fortitudine
821 2036 904 2091 nobis
929 2036 965 2091 de
989 2036 1073 2091 robis
1101 2035 1262 2100 donaverit,
1291 2035 1366 2091 nihil
1391 2035 1517 2107 amplius
1545 2036 1601 2090 erit

549 2137 637 2190 aluam
655 2128 689 2176 nt
710 2126 803 2176 terras
823 2127 937 2176 vestras
956 2120 1105 2191 capiamus
1131 2139 1184 2191 pro
1208 2120 1297 2175 libitu
1314 2127 1423 2183 nostro,
1445 2119 1501 2174 Dei
1519 2121 1600 2174 forti·

548 2202 648 2257 tudine
667 2210 697 2259 et
720 2205 879 2260 voluntate.
915 2204 1064 2260 Aduuatio
1089 2205 1169 2260 enim
1192 2203 1268 2273 legis
1294 2204 1530 2259 Christianorum
1553 2204 1600 2259 bis

547 2287 627 2342 venit
654 2306 743 2359 super
770 2307 822 2344 nos
850 2289 881 2342 iu
903 2288 1054 2352 Babilone,
1081 2307 1141 2343 unu
1174 2288 1237 2342 viee
1265 2288 1344 2359 apud
1370 2288 1544 2353 Damiatum‚
1572 2295 1601 2342 et

546 2370 638 2425 altero
665 2372 743 2444 apud
772 2372 990 2427 Alexandriam.
1029 2373 1068 2427 Et
1100 2373 1194 2426 nostis
1223 2372 1350 2443 qualiter
1378 2379 1504 2443 utraque
1535 2372 1599 2426 viee

545 2454 705 2521 redierunt,
726 2462 757 2512 et
774 2456 811 2511 ad
830 2456 947 2528 qualem
969 2457 1081 2512 exitum
1098 2456 1298 2511 devenerunt.¹
1336 2457 1376 2511 Et
1394 2455 1474 2510 Deus
1493 2455 1600 2510 aduna-

546 2537 608 2592 bit²
626 2539 789 2611 propitius³
807 2541 890 2594 nobis
912 2537 1092 2612 [ι’θρςίοιιοθ]Ι
1111 2539 1286 2603 affluentius,
1302 2539 1395 2594 εἰοιιιι
1414 2544 1444 2593 et
1461 2539 1601 2595 adunavit

546 2620 616 2675 eas‘
634 2623 720 2693 longe
739 2624 857 2694 lateque
876 2624 931 2678 sub
950 2629 1094 2694 potestate
1119 2630 1227 2688 nostra,
1249 2623 1432 2678 Babiloniam
1451 2639 1517 2676 cum
1536 2640 1601 2694 per-

546 2705 676 2762 tinentiis
708 2707 780 2773 suis,
821 2713 930 2763 temam
964 2705 1112 2771 Damasci,
1145 2715 1175 2762 et
1210 2707 1387 2762 maritimam
1423 2706 1598 2770 Jerusalem,

548 2794 657 2845 terram
676 2790 886 2847 Getheurae-et
909 2791 1031 2846 castella
1055 2791 1129 2861 ojus,
1151 2798 1260 2845 terram
1285 2791 1401 2846 Roasim
1425 2808 1493 2845 cum
1511 2790 1600 2862 pert-i-

376 2875 534 2954 Rog.ll'ond
547 2874 676 2929 nentiis.'
710 2875 750 2931 Et
767 2892 820 2946 por
838 2876 966 2945 gratiam
990 2874 1047 2929 Dei
1070 2875 1126 2930 hoc
1151 2881 1246 2930 totum
1266 2880 1312 2930 est
1332 2876 1363 2929 iu
1381 2874 1514 2929 manibus
1534 2892 1600 2929 uos·

403 2945 427 2994 ¹³·
440 2950 496 2994 432.
547 2957 610 3022 tris,
632 2963 661 3012 et
685 2958 836 3013 residuum
860 2957 985 3031 regum⁸
1010 2958 1238 3013 serracenorum
1262 2965 1363 3014 nostro
1387 2957 1536 3029 pertinens
1555 2965 1601 3013 est

545 3041 677 3114 imperio.
712 3042 791 3098 Nam
809 3044 835 3098 si
853 3043 1058 3098 mandaremus
1083 3042 1338 3098 excellentissimis
1363 3041 1485 3113 regibus
1504 3042 1598 3097 orien-

543 3126 669 3183 ιιιΙὶιιιιι9
688 3126 922 3193 §sarracenorum
936 3140 994 3183 ubn
1006 3127 1191 3184 retraherent
1203 3145 1234 3183 se
1249 3144 1267 3182 a
1284 3127 1376 3182 nobis.
1417 3127 1457 3182 Et
1475 3127 1500 3181 si
1519 3144 1599 3183 sum-

543 3227 727 3267 moneremus
747 3212 893 3283 calipham
915 3211 951 3267 de
971 3212 1111 3278 Baldaoh,
1135 3229 1223 3285 quem
1244 3211 1325 3267 Deus
1350 3210 1453 3275 salvet,
1474 3209 1511 3266 de
1530 3211 1599 3267 sede

543 3295 649 3348 excelsi
662 3296 779 3365 imperii
799 3297 845 3351 sui
864 3295 1067 3366 exsurgeret,¹⁰
1078 3303 1108 3351 et
1120 3296 1221 3353 venire
1234 3300 1405 3367 properaret
1415 3294 1446 3349 in
1458 3294 1599 3350 auxilium

544 3378 722 3433 excellentior
735 3386 851 3434 nostroe.
888 3380 928 3434 Et
939 3396 991 3435 nos
1005 3396 1058 3451 per
1070 3380 1212 3435 virtutem
1226 3377 1283 3433 Dei
1301 3377 1497 3450 optinebimus
1514 3377 1533 3431 J
1535 3394 1599 3433 eru·

544 3461 635 3518 salem
648 3468 677 3517 et
689 3470 785 3517 terras
798 3463 871 3534 ejus.
909 3463 949 3517 Et
960 3468 1110 3517 remanent
1123 3462 1218 3517 adhue
1231 3462 1262 3515 in
1273 3461 1408 3516 manibus
1422 3460 1600 3516 Christiano·

543 3561 610 3598 rum
628 3550 689 3599 tres
709 3547 853 3610 civitates,
869 3546 974 3615 Tyrus,
989 3545 1116 3617 Tripolis
1129 3550 1159 3600 et
1171 3544 1327 3599 Antiochia
1341 3566 1348 3609 ;
1369 3549 1400 3598 et
1417 3543 1453 3598 de
1471 3544 1529 3598 hiis
1542 3561 1599 3599 nou

544 3636 589 3682 est
601 3628 690 3694 uliud,
704 3630 762 3684 nisi
777 3636 809 3685 ut
821 3629 980 3700 cupiantur.
1009 3629 1148 3685 Attamen
1161 3629 1186 3684 ai
1203 3627 1314 3683 bellum
1325 3627 1427 3692 vultis,
1439 3633 1469 3682 et
1481 3627 1506 3682 si
1519 3627 1599 3684 Deus

544 3711 679 3778 voluerit,
707 3718 740 3767 ut
765 3713 804 3769 sit
829 3731 883 3785 per
908 3713 1089 3769 voluntatem
1108 3731 1202 3778 suam,
1223 3720 1254 3767 ct
1274 3711 1352 3782 quod
1377 3716 1467 3766 totum
1491 3717 1599 3767 terram

544 3794 733 3867 adquiramus
747 3797 990 3862 Christianorum,
1005 3797 1189 3852 obviabimus
1201 3795 1295 3860 vobis,
1310 3794 1387 3849 sieut
1399 3794 1542 3866 scriptum
1554 3802 1600 3851 est

543 3878 574 3932 in
586 3885 666 3934 curta
677 3879 805 3934 nostru.ll
833 3880 954 3946 Verum,
969 3882 995 3935 si
1007 3899 1059 3936 nos
1073 3881 1109 3934 de
1121 3881 1197 3935 bono
1209 3880 1289 3952 pacis
1301 3877 1506 3950 requisieritis‚
1518 3896 1598 3933 man-

544 3962 651 4018 dabitis
661 3962 680 3997 ¹²
691 3965 928 4036 procuratoribus
941 3966 1065 4021 istorum
1083 3965 1174 4021 trium
1186 3964 1318 4020 locorum
1335 3961 1551 4033 proedictorum,
1566 3973 1600 4018 ut

547 4074 581 4082 ι.-

579 4127 585 4156 ¹
598 4125 755 4195 deoermmu]
776 4128 832 4179 The
844 4128 898 4180 flrat
909 4128 1017 4195 syllable
1026 4129 1048 4179 is
1069 4180 1072 4207 Ι
1095 4129 1184 4194 Cogg„
1193 4128 1265 4185 Vin,
1275 4128 1325 4177 end
1337 4125 1392 4177 MS.
1404 4126 1466 4191 Bag.
1478 4127 1598 4189 isadded,

546 4206 688 4257 interlined.
1069 4214 1071 4221 ’
1095 4212 1110 4234 “
1124 4206 1253 4272 regionem
1281 4203 1361 4256 India
1385 4220 1444 4255 cum
1471 4206 1598 4270 pertinen·

581 4283 734 4351 'adunabiq
749 4286 877 4345 adunavit,
889 4287 922 4337 A.
936 4286 1049 4348 0121,
1069 4282 1073 4355 Ἰ
1095 4286 1165 4336 tiis.”

547 4363 715 4431 Cogg.‚Vin.‚
731 4367 781 4417 and
800 4365 927 4433 manea
962 4367 994 4417 In
1006 4366 1048 4418 W.
1070 4386 1073 4427 l
1128 4365 1242 4432 ἀφυῆ]
1261 4379 1376 4430 regnum,
1388 4362 1468 4430 0⁰88·

546 4441 682 4510 delineavit.
1070 4498 1073 4515 ,
1128 4441 1314 4510 ὀνίιιιωὶίιιιι]
1325 4442 1473 4495 Interlined.
1487 4443 1544 4496 Om.
1553 4444 1595 4497 W.

580 4523 589 4552 ¹
598 4523 740 4590 propitius]
760 4524 907 4577 Interlined.
937 4524 994 4577 Om-
1007 4524 1049 4577 W.
1070 4532 1073 4573 l
1096 4525 1130 4575 Λ.
1140 4525 1170 4576 C.
1179 4524 1212 4576 D.

549 4601 662 4654 mol).
1070 4612 1073 4675 j
1130 4605 1148 4634 ¹⁶
1159 4602 1309 4668 errarperet]
1329 4609 1471 4668 exurgeret,
1483 4601 1540 4654 MS.

580 4682 722 4748 'repioaae]
743 4683 865 4748 Supplied
881 4684 947 4734 from
959 4684 1002 4735 W.
1016 4684 1048 4735 A.
1070 4692 1073 4705 ⁴
1131 4686 1145 4713 ¹¹
1160 4682 1256 4749 nostra]
1275 4688 1368 4744 verba,
1379 4681 1421 4733 W.
1434 4682 1468 4732 A.
1481 4680 1511 4734 0.
1521 4681 1555 4732 D.

546 4761 574 4812 C.
587 4761 629 4822 D„
642 4761 732 4829 Cogg.,
743 4763 814 4823 vin.
826 4765 876 4814 and
887 4764 945 4815 MS.
957 4765 1022 4830 Reg.
1071 4754 1074 4837 ξ
1130 4759 1318 4827 emmim]
1349 4760 1387 4809 At
1415 4759 1469 4811 first
1496 4761 1596 4813 written

578 4841 678 4907 ⁵cieret]
699 4842 846 4894 Interliued.
886 4842 943 4894 Om.
961 4842 1003 4896 W.
1015 4842 1049 4893 A.
1071 4860 1075 4899 ι
1096 4840 1246 4901 mandamus,
1256 4841 1307 4891 and
1318 4838 1378 4888 theu
1386 4839 1480 4890 altered
1491 4848 1517 4891 to
1528 4857 1595 4892 moa·

545 4919 617 4971 cn.
1071 4904 1075 4999 l
1096 4919 1214 4981 olosma,
1225 4918 1311 4969 warch
1329 4920 1350 4969 u
1367 4919 1445 4969 ronne
1456 4920 1509 4972 no
1520 4919 1547 4970 a
1564 4920 1594 4972 r.

578 5001 653 5066 ‘roa]
665 5016 701 5062 ea,
710 5001 845 5061 MS.;cos,
854 5003 887 5053 A.
897 5001 925 5051 C.
934 5001 966 5051 l).
979 5001 1049 5052 Corr.
1096 5001 1145 5050 and
1170 4999 1267 5066 θυεμ
1284 5000 1329 5049 but
1350 4998 1393 5050 the
1415 5014 1484 5049 more
1501 5008 1595 5053 contet

544 5080 611 5128 from
621 5078 672 5139 W„
681 5077 846 5145 Cogg.‚l'ln.‚
859 5081 909 5131 and
918 5079 973 5131 MS.
986 5079 1050 5144 Reg.
1072 5066 1076 5155 ᾖ
1095 5079 1200 5143 reading
1212 5079 1258 5128 bas
1275 5079 1338 5128 been
1355 5078 1462 5142 adopted
1477 5079 1541 5133 from
1552 5077 1594 5129 W.

579 5160 586 5186 ⁷
596 5159 766 5224 pertiuentiis]
787 5160 818 5208 In
840 5160 881 5211 W.
901 5160 935 5212 A.
958 5160 987 5212 C.
1008 5160 1050 5218 D..
1072 5160 1075 5170 “
1096 5158 1129 5209 Δ.
1146 5158 1174 5209 C.
1187 5156 1228 5217 1).
1241 5157 1309 5215 Vin..
1321 5158 1371 5207 and
1381 5154 1438 5208 MS.
1450 5157 1513 5224 Reg.

1352 5240 1462 5308 ΗΞ
