4442 6392
575 1177 622 1225 ns
646 1177 807 1227 ammona
830 1177 932 1226 anuis
947 1175 1121 1225 unnuannr
1145 1176 1307 1238 sacuam,
1330 1176 1397 1228 v1z.
1422 1175 1516 1227 ausi.
1543 1160 1584 1226 45

532 1360 708 1442 discedens,
724 1361 894 1428 castellum
910 1362 1056 1428 Burense
1079 1362 1208 1428 obsedit
1231 1367 1266 1428 et
1288 1364 1382 1450 cepit.
1428 1365 1458 1430 E
1473 1369 1588 1430 contra
1599 1377 1668 1429 Al).
1684 1381 1757 1428 tosa.

533 1463 602 1528 dux
625 1468 769 1530 castrum
795 1465 1010 1551 Argentomii,
1033 1470 1068 1531 et
1097 1465 1135 1530 in
1164 1487 1203 1531 co
1226 1467 1391 1531 consulem
1412 1467 1498 1554 regis
1523 1462 1663 1532 R0.War

532 1588 647 1654 gerum
681 1567 921 1647 Pictavensem,
953 1573 988 1633 et
1019 1588 1094 1633 cum
1126 1589 1165 1633 eo
1198 1569 1320 1634 milites
1351 1569 1588 1656 septingentos,
1600 1531 1715 1646 {iffi

514 1675 568 1735 -et
590 1669 774 1735 Hulmense
796 1675 940 1736 castrum
967 1670 1054 1757 cepit
1084 1675 1325 1756 consequenter.
1371 1671 1590 1758 Indignantes
1601 1662 1760 1716 ΜΘΝ·

514 1771 623 1837 enim
646 1772 755 1852 multi,
778 1793 817 1838 eo
839 1772 928 1859 quod
950 1793 1011 1837 rex
1036 1772 1211 1838 arbitrium
1230 1772 1419 1859 juratorum
1441 1774 1591 1861 perjurus

515 1879 713 1960 spreverat,
736 1874 958 1959 adjuvamen
981 1874 1074 1940 ducis
1097 1875 1323 1942 convolarunt.
1371 1875 1444 1941 ch
1465 1875 1593 1942 interea

535 1975 755 2042 summoneri¹
781 1977 882 2064 coepit
904 1974 980 2044 xxti.
997 1977 1090 2042 milia
1105 1978 1265 2064 peditum,
1280 1985 1319 2044 ut
1334 1978 1370 2043 in
1386 1978 1593 2044 Normannia

516 2101 643 2144 »coram
666 2100 705 2145 eo
727 2080 950 2146 convenirent.
1008 2079 1055 2145 Et·
1080 2101 1156 2145 cum
1179 2080 1249 2146 dux
1272 2080 1428 2146 simulata
1459 2080 1592 2145 humili-

515 2187 606 2246 ·tate
628 2203 667 2248 ea
696 2204 770 2268 quae
800 2182 889 2269 pacis
920 2189 1016 2249 erant
1044 2182 1244 2270 rogitassat,2
1275 2205 1336 2248 rex
1360 2183 1433 2270 jam
1463 2204 1594 2248 securus

535 2284 622 2370 ipsos
664 2285 786 2372 Anglos
824 2285 1005 2365 accersitos,
1043 2306 1118 2351 cum
1155 2285 1199 2350 ad
1236 2308 1326 2351 mare
1363 2285 1542 2363 venissent,
1572 2307 1593 2350 a

535 2387 672 2473 singulis
694 2409 726 2452 x.
746 2387 869 2453 solidos
890 2392 1099 2475 extorquens,
1123 2387 1167 2452 ad
1188 2387 1323 2475 propria
1344 2409 1488 2454 remeare
1511 2409 1594 2474 prae·

535 2490 629 2576 cepit.
684 2489 752 2554 Sed
789 2489 858 2554 dux
890 2489 999 2556 adhuc
1029 2490 1249 2567 recalcitrans,
1281 2490 1317 2555 in
1351 2490 1592 2556 Normanniam

536 2591 737 2678 Philippum,
755 2592 957 2658 Francorum
972 2615 1093 2679 regem,
1124 2614 1199 2657 cum
1221 2593 1368 2659 exercitu
1393 2594 1530 2680 copioso,
1553 2598 1594 2657 ut

535 2693 702 2760 obsideret
724 2699 759 2760 et
781 2693 948 2760 obsessum
975 2701 1107 2782 caperet
1139 2717 1249 2781 regem
1272 2695 1477 2761 Willelmum
1503 2694 1593 2781 apud

535 2802 679 2863 castrum
714 2798 755 2862 de
786 2797 889 2877 Anco,
923 2797 1142 2864 sollicitavit?
1193 2798 1261 2864 Sed
1291 2820 1351 2864 rex
1383 2797 1411 2862 F
1412 2818 1594 2877 rancomm,

536 2900 683 2985 pecuniae
713 2901 860 2965 tenebris
894 2900 1087 2980 obcaecatus,
1117 2900 1217 2966 rediit
1246 2901 1283 2965 in
1315 2900 1488 2965 Franciam
1521 2921 1595 2965 cum

373 3019 524 3085 nopwend.
537 3025 595 3068 suo
629 3003 778 3069 exercitu
809 3003 972 3069 universo.
1028 3002 1102 3083 Quo
1125 3003 1206 3080 viso,
1230 3002 1300 3068 dux
1321 3003 1458 3091 tandem
1481 3002 1595 3068 volens

403 3086 430 3137 ἢ
442 3090 481 3135 ⁴⁴·
516 3106 652 3178 ⁴nolens
673 3127 707 3171 se
728 3104 826 3171 fratri
848 3126 907 3171 suo
929 3104 1130 3183 humiliavit,
1152 3105 1205 3171 cui
1226 3105 1371 3192 pepercit
1393 3105 1479 3191 regis
1502 3126 1593 3192 mag-

518 3208 728 3289 .nificentia;
758 3206 849 3273 etin
872 3207 1031 3294 Angliam
1053 3208 1223 3274 remeavit
1280 3207 1326 3273 Et
1347 3208 1424 3272 ilico
1447 3207 1519 3273 Deo
1540 3208 1719 3272 imitatam

517 3366 525 3383 ,
537 3316 651 3397 gratus
674 3311 715 3376 dc
737 3315 932 3375 conservata
962 3309 1192 3376 incolumitate
1226 3317 1261 3376 ct
1282 3310 1509 3397 prosperitate,
1533 3331 1593 3374 rex
1604 3284 1740 3410 {effi}

519 3413 721 3500 ·Anglorum
753 3411 970 3499 W[illelmus]
996 3413 1198 3479 monasteria
1231 3411 1335 3477 totius
1368 3411 1461 3499 regni
1498 3411 1593 3499 gravi
1605 3412 1711 3475 andop

519 3514 800 3601 depopulatione,
825 3520 865 3580 ut
888 3513 1047 3580 munera⁴
1069 3515 1140 3602 regi
1170 3514 1371 3580 Francorum
1398 3514 1520 3602 largita
1542 3492 1703 3594 re-ffiss
1712 3476 1755 3527 ὼε

519 3622 713 3697 ·stauraret,
736 3615 857 3682 afflixit
880 3616 1110 3705 depraedando.
1605 3610 1687 3662 terias.

679 3923 835 3990 Moratur
853 3923 1000 4000 Paulam,
1024 3920 1126 3989 abtas
1147 3921 1270 3992 mant
1291 3918 1451 3989 Albam?

374 4087 529 4168 nopweua.
586 4074 777 4160 Eodemque
814 4096 901 4141 anno
934 4074 1066 4153 Paulus,
1099 4073 1226 4160 primus
1259 4078 1334 4160 post
1377 4075 1593 4158 conquestum
1606 4074 1732 4128 Bathos

405 4157 434 4206 ¹¹·
447 4162 487 4207 ⁴⁴·
542 4177 674 4264 Angliae
708 4176 824 4242 Sancti
846 4175 970 4242 Albani
999 4174 1112 4257 abbas,
1146 4177 1235 4241 facta
1265 4174 1354 4262 apud
1376 4173 1593 4239 Thinemuam
1606 4142 1766 4260 {gliscunt

542 4279 733 4345 visitatione
754 4280 920 4366 pastorali,
943 4279 1023 4344 dum
1045 4279 1169 4344 rediret
1190 4278 1233 4343 ad
1250 4277 1419 4344 ecclesiam
1434 4298 1536 4354 suam,
1558 4276 1595 4341 in
1607 4276 1723 4329 Albana

542 4381 623 4446 villa
645 4404 719 4468 quaa
742 4382 905 4449 Colewich
930 4382 1054 4449 dicitur
1075 4382 1172 4469 gravi
1195 4384 1363 4467 correptus
1385 4379 1593 4468 aegritudine,

542 4485 632 4549 viam
653 4484 817 4552 universae
844 4485 953 4551 carnis
983 4489 1034 4551 est
1060 4485 1237 4572 ingressus,
1258 4483 1320 4550 iii0.
1345 4482 1421 4548 idus
1451 4482 1595 4547 Novem·
1609 4488 1637 4534 11
1650 4485 1716 4538 Nov.

991 4678 1594 4688 --—--..--.--.--—-—-—-.-..-.———

576 4793 582 4821 ¹
596 4791 749 4857 sunamonen]
763 4791 913 4850 submoneri,
921 4789 986 4850 MS,
995 4790 1046 4840 and
1127 4788 1300 4855 uolnerata]
1314 4789 1408 4839 Added
1415 4788 1442 4838 in
1451 4803 1529 4854 marg.

542 4886 570 4920 so
583 4871 612 4921 F.
1127 4869 1261 4935 ’πυκινὴ
1281 4869 1356 4918 Alter
1373 4868 1423 4918 this
1435 4869 1506 4917 word
1523 4868 1546 4917 is
1564 4882 1597 4918 an

574 4951 584 4979 ²
595 4950 626 4999 In
637 4950 680 4998 the
688 4949 787 5014 margin
796 4964 811 4999 a
820 4950 896 5000 much
907 4949 970 4999 latet·
979 4949 1048 4999 hand
1093 4963 1201 5000 erasure.
1213 4948 1371 5014 apparently,
1382 4947 1413 4997 of
1425 4964 1486 5012 quoe.

542 5029 587 5078 has
601 5029 707 5087 written,
726 5034 741 5059 ‘⁴
751 5030 818 5080 Nota
834 5029 959 5079 fallaciam
982 5027 1049 5078 wil·
1071 5042 1074 5115 p
1127 5028 1212 5078 ‘'l'his
1223 5028 1328 5093 chapter
1339 5028 1362 5077 is
1372 5027 1480 5079 omitted
1491 5026 1518 5076 in
1530 5027 1560 5077 F.

543 5108 707 5159 tetuinus?
1071 5125 1075 5168 ῑ
