4442 6392
602 1149 669 1214 334
725 1161 892 1210 numum
916 1158 1128 1209 ramsrnrvsrs
1151 1156 1314 1207 nrsroam
1336 1155 1536 1207 suononuu.

432 1345 501 1399 Ab.
517 1353 588 1400 1164.
602 1336 779 1420 praesentia
801 1334 929 1399 domini
951 1354 1045 1420 papas
1067 1333 1114 1397 sie
1137 1333 1228 1418 loqui
1248 1351 1384 1397 exorsus
1406 1335 1478 1396 est:
1505 1339 1523 1365 “
1536 1327 1654 1394 Pater¹

601 1436 814 1513 sanctissime,
845 1436 888 1501 ad
925 1441 1071 1501 vestram
1109 1432 1316 1499 audientiam
1347 1431 1509 1520 confugio,
1542 1431 1657 1497 dolens

601 1543 728 1603 statum
751 1537 893 1604 eeclesiae
925 1543 960 1604 et
986 1537 1066 1623 jura
1097 1537 1168 1624 ejus
1190 1536 1226 1602 in
1249 1534 1448 1602 avaritiam²
1470 1533 1655 1622 principum

602 1640 774 1728 dissipari3
799 1646 1000 1728 quapropter
1021 1639 1257 1706 occurrendum
1280 1639 1403 1705 credidi
1434 1637 1548 1703 morbo
1564 1639 1656 1703 veni·

601 1745 679 1810 enti
724 1743 869 1810 Vocatus
891 1749 1003 1809 autem
1018 1764 1092 1808 sum
1108 1764 1217 1807 eoram
1240 1762 1325 1828 rega,
1349 1742 1444 1807 utde
1460 1740 1655 1826 quibusdam

600 1843 768 1925 custodiis,
798 1867 880 1932 quas
910 1845 988 1910 olim
1020 1843 1234 1910 cancellarius
1265 1843 1352 1930 regis
1382 1843 1526 1908 existens
1548 1842 1656 1928 dispo-

599 1969 739 2028 sueram,
762 1948 799 2012 in
821 1947 1041 2027 ratiocinium,
1068 1944 1255 2033 tanquam³
1277 1944 1390 2026 laicus,
1422 1948 1655 2031 computarem,

601 2051 659 2135 qui
692 2049 729 2115 in
760 2049 974 2137 promotione,
999 2072 1073 2114 mea
1104 2048 1148 2114 ad
1179 2046 1505 2135 archiepiscopatum,
1535 2069 1557 2110 a
1586 2046 1655 2111 filio

600 2153 686 2240 regis
708 2153 931 2241 primogenito
946 2157 981 2218 et
990 2152 1179 2238 justiciario
1202 2151 1299 2238 regni
1312 2151 1355 2216 ab
1377 2148 1468 2215 omni
1484 2149 1655 2214 ratiocinio

600 2260 634 2320 et
657 2254 860 2342 obligatione
882 2255 968 2320 liber
984 2254 1033 2319 fui
1056 2252 1240 2341 episcopis⁴
1255 2253 1451 2340 assignatus.
1497 2251 1543 2316 Et
1557 2271 1654 2329 nunc,

600 2357 688 2421 unde
711 2356 824 2421 mihi⁵
846 2355 1023 2422 resistendi
1049 2355 1207 2443 suffragia
1231 2377 1448 2443 speraveram,
1476 2353 1656 2419 destitutus
1695 2372 1698 2385 ·

600 2480 680 2524 sum.
726 2459 962 2526 Animadverti
986 2458 1075 2524 enim
1104 2459 1256 2525 dominos
1288 2464 1322 2525 et
1354 2457 1533 2524 confratres
1568 2479 1656 2522 meos

602 2563 781 2649 episcopos,
801 2584 860 2649 pro
885 2562 1066 2627 aulicorum
1090 2561 1230 2626 arbitrio
1253 2562 1289 2625 in
1316 2583 1369 2626 me
1396 2559 1656 2625 animadvertere

600 2670 743 2751 paratos,
760 2670 803 2742 et,
825 2665 954 2731 cunctis
978 2663 1226 2730 incursantibus
1250 2668 1368 2729 contra
1391 2662 1535 2740 masere
1558 2661 1655 2727 suffo—

600 2771 693 2831 catus
708 2767 750 2831 ad
767 2772 835 2832 tuas
857 2767 993 2854 pietatis
1016 2764 1230 2845 audientiam,
1254 2787 1329 2850 quae
1351 2787 1411 2830 nec
1436 2766 1473 2829 in
1497 2765 1655 2829 extremis

599 2868 748 2955 negligit,
771 2870 938 2956 respiravi.
996 2868 1066 2934 Sub
1092 2890 1159 2954 qua
1184 2868 1470 2934 demonstraturus
1493 2872 1576 2946 asto,
1602 2888 1654 2931 me

600 2991 660 3035 nee
675 2970 722 3034 ibi
746 2969 846 3035 fuisse
864 2970 1094 3055 judicandum,
1110 2992 1170 3035 nec
1185 2969 1228 3034 ab
1243 2969 1317 3035 illis.
1363 2970 1452 3034 Nam
1467 2969 1549 3055 quid
1563 2969 1655 3034 aliud

599 3070 660 3136 hoe
691 3077 785 3149 esset,
815 3072 879 3137 nisi
904 3072 982 3158 jura
1012 3073 1155 3138 eeclesias
1190 3072 1255 3137 sibi
1292 3071 1510 3139 subtraheret
1564 3072 1653 3152 Quid
1666 3079 1826 3160 Bag-went.

600 3173 691 3240 aliud
714 3197 814 3261 quam
841 3174 1029 3262 spiritualia
1048 3175 1287 3262 temporalibus
1305 3176 1523 3241 submitteret
1546 3175 1654 3241 Semel
1700 3163 1727 3197 ¹¹·
1740 3153 1798 3199 ³¹¹·

599 3277 660 3342 hoc
683 3283 809 3356 natum,
832 3277 1020 3365 exemplum
1042 3284 1128 3345 esset
1158 3279 1203 3344 ad
1233 3278 1340 3343 multa
1369 3278 1517 3344 enormia
1545 3279 1655 3344 subse

600 3378 752 3467 quenda⁰
797 3380 863 3447 Sed
880 3381 995 3447 dicrmt
1010 3381 1164 3468 episcopi,
1191 3381 1397 3446 ‘Reddenda
1419 3387 1499 3448 suut
1523 3380 1655 3459 Oaesari,

600 3505 674 3570 quae
697 3481 767 3568 ejus
790 3483 889 3549 sunt'
934 3484 1000 3550 Sed
1031 3483 1114 3570 [si]⁷
1137 3484 1174 3549 in
1196 3483 1347 3571 pluribus
1362 3485 1653 3572 optemperandum

600 3589 651 3650 est
673 3587 750 3672 regi,
776 3586 812 3649 in
835 3586 901 3651 illis
917 3592 1029 3651 tamen
1052 3586 1347 3673 optemperandum
1370 3608 1438 3651 non
1460 3591 1519 3668 est,
1535 3587 1656 3673 quibus

600 3686 742 3752 efficitur
763 3689 866 3753 nesit
881 3711 947 3754 rex.
994 3689 1072 3753 Non
1095 3689 1184 3753 enim
1211 3694 1320 3754 essent
1344 3689 1402 3754 illa
1427 3689 1575 3771 Oaesaris,
1598 3690 1655 3754 sed

601 3790 735 3866 tiranni,
760 3790 941 3875 inquibus,
959 3791 1022 3856 etsi
1047 3812 1113 3854 non
1139 3812 1197 3876 pro
1222 3813 1283 3868 me,
1297 3813 1357 3877 pro
1380 3792 1494 3878 seipsis
1514 3792 1655 3878 episcopi

600 3893 631 3958 ei
654 3894 805 3958 resistere
828 3893 994 3960 deberent.
1042 3893 1125 3974 Qua
1148 3894 1238 3958 enim
1263 3894 1335 3960 haec
1358 3916 1458 3960 causa
1480 3895 1569 3960 tanti
1590 3894 1656 3959 fuit

600 3995 677 4076 odii,
718 4000 758 4060 ut
791 4015 851 4082 pro
881 3993 958 4067 me⁸
989 3995 1214 4082 extinguendo
1245 3995 1368 4082 seipsos
1399 3997 1656 4084 extinguerent?

600 4095 720 4182 Itaque
742 4095 823 4162 dum
845 4097 1033 4184 spiritualia
1055 4120 1114 4184 pro
1137 4097 1372 4185 temporalibus
1394 4098 1577 4187 negligrmt,
1600 4101 1655 4165 de-

600 4198 718 4264 ficiunt
739 4199 775 4263 in
799 4201 956 4286 utrisque.
1005 4197 1263 4265 Condescende⁰
1285 4221 1372 4287 ergo,
1399 4205 1494 4288 pater
1520 4204 1655 4268 sanctis-

802 4339 1153 4346 mmv-—ss—
1493 4341 1512 4345 -..
1529 4340 1627 4347 ...κ-
1641 4342 1655 4348 ,

635 4395 787 4462 'Abridged
804 4396 868 4446 from
886 4397 951 4460 Epp.
967 4395 1011 4446 lib.
1024 4397 1041 4447 i.
1057 4402 1106 4455 ³⁰3
1183 4395 1277 4462 ‘mitq
1296 4396 1384 4456 michi,
1396 4396 1453 4449 MS.

602 4477 639 4526 ed
653 4475 732 4537 (tiles,
745 4476 761 4525 i.
777 4481 800 4526 2.
1182 4477 1309 4526 ‘wormio
1320 4475 1499 4542 nomena]
1519 4477 1613 4528 Added
1628 4477 1653 4526 in

636 4555 802 4621 ἀυανίιίαιη]
817 4555 936 4617 avaricia,
947 4555 1004 4607 ΜΒ.
1017 4556 1105 4605 undF.
1149 4569 1230 4618 marg.

634 4637 644 4666 ⁸
656 4634 785 4700 anquam]
805 4641 833 4684 ut
847 4641 976 4698 tanquam,
987 4634 1044 4686 MS.
1056 4635 1106 4686 aud
1182 4637 1239 4702 ἐί]
1259 4637 1380 4701 supplied
1392 4638 1457 4690 tium
1469 4639 1511 4689 W.
1521 4639 1555 4691 d
1564 4638 1593 4691 0.
1603 4640 1651 4698 D.;

601 4714 631 4764 F.
1147 4718 1201 4775 etsi,
1212 4717 1251 4766 ed
1264 4716 1341 4767 Gna.

636 4793 791 4858 ⁴epr'acopis]
810 4792 894 4844 aow.
904 4792 938 4843 A.
947 4791 1014 4843 (Π.
1029 4812 1036 4853 3
1054 4794 1105 4859 epi·
1182 4795 1252 4860 ⁸rire]
1272 4795 1418 4846 Interlincd.

600 4887 697 4936 scopu,
713 4871 757 4931 1),
777 4871 850 4932 Fau,
876 4873 927 4921 and
949 4874 988 4923 ed.
1011 4872 1103 4923 Wend.
1181 4873 1384 4941 ’Condaeeadd
1415 4876 1454 4925 At
1481 4876 1535 4925 first
1552 4875 1652 4926 written

602 4949 817 5014 Thisparograph
829 4951 851 5000 is
860 4953 940 5001 notin
948 4951 1104 5015 theAppeal,
1147 4953 1354 5015 condescendam,
1375 4956 1421 5005 but
1446 4955 1490 5004 the
1513 4955 1561 5005 last
1583 4956 1653 5006 three

601 5043 629 5081 as
643 5028 721 5094 given
732 5029 768 5094 by
779 5029 878 5091 Diceto,
889 5031 936 5082 col.
950 5036 1007 5091 5³9,
1019 5046 1067 5080 nor
1077 5031 1103 5080 in
1147 5034 1233 5085 letters
1243 5034 1411 5085 undenoored
1423 5033 1463 5084 for
1473 5034 1602 5086 omission.

602 5109 794 5172 eruornupus
805 5108 946 5161 muana
1126 5098 1128 5118 '
1542 5135 1545 5141 -
