4442 6392
645 1156 709 1218 406
786 1169 951 1217 narrum
976 1168 1191 1217 eitntsmrsrs
1215 1167 1378 1217 msroam
1401 1165 1598 1217 moronus.

477 1354 546 1406 Ab.
561 1358 749 1432 rususque
772 1347 815 1411 ud
838 1348 1056 1412 elevationem
1088 1352 1286 1425 sanctorum,
1310 1346 1380 1411 loco
1395 1346 1444 1410 illi
1460 1345 1608 1411 custodia
1632 1366 1698 1408 non

647 1449 765 1526 deluit,
789 1449 846 1514 sed
879 1452 998 1514 fratres
1027 1449 1154 1535 jugiter
1176 1472 1250 1514 cum
1274 1449 1365 1513 laicis
1389 1450 1565 1514 astiterunt.
1613 1448 1699 1512 Con-

648 1558 769 1617 ventus
802 1551 936 1617 interim
969 1552 1208 1617 abstinentiam
1242 1553 1322 1617 vitae
1357 1574 1430 1616 eum
1461 1551 1642 1640 disciplinis
1665 1557 1719 1645 et.

646 1656 851 1721 orationibus
874 1655 1017 1741 suscepit
1040 1655 1213 1734 arctioris3
1240 1661 1284 1731 et,
1311 1660 1440 1719 statuto
1471 1677 1544 1719 cum
1572 1677 1722 1741 proces.

648 1759 739 1823 sione
755 1757 932 1843 multiplici
948 1756 1105 1843 suffragio
1129 1757 1392 1837 elemosinarum,
1415 1757 1595 1845 sollempne
1614 1756 1721 1842 jeju.

648 1861 742 1925 nium
765 1861 801 1924 in
824 1861 945 1946 populo
969 1860 1177 1946 praedicatur.
1223 1861 1366 1944 Jamque
1389 1859 1478 1925 loeus
1500 1861 1556 1924 ille
1579 1860 1701 1925 futtuae

647 1963 851 2028 inventionis
884 1963 1108 2027 nundinarum
1141 1962 1396 2028 similitudinem
1431 1964 1634 2049 praeferebat,
1658 1967 1702 2041 et,

647 2065 876 2130 recedentibus
908 2064 992 2142 aliia,
1034 2087 1116 2150 quos
1151 2066 1260 2130 l'ervor
1291 2066 1475 2131 devotionis
1508 2067 1703 2139 adduxerat,

647 2168 705 2233 alii
728 2168 849 2234 cotidie
871 2167 1097 2234 succedebant.

798 2471 849 2538 De
872 2469 1057 2537 traiecere-lis
1075 2469 1152 2555 juta
1169 2469 1248 2555 poa
1271 2469 1549 2539 arescentibus}

480 2618 599 2672 lliraclea
695 2620 794 2686 Porro
829 2621 956 2685 interea
988 2621 1157 2706 signorum
1192 2620 1357 2697 miracula,
1385 2621 1456 2706 jam
1487 2622 1559 2706 jam
1594 2623 1892 2715 adhucltogwend.

479 2689 634 2752 performed.
647 2729 835 2789 sanctorum
851 2723 1040 2809 emporibus
1056 2722 1091 2785 in
1115 2722 1211 2788 corde
1226 2729 1324 2788 ternu
1340 2723 1561 2804 latitantibus,
1578 2731 1702 2791 aeterua
1752 2717 1780 2768 ἦ·
1794 2725 1860 2771 ³⁰²·

648 2826 875 2892 recordatione
891 2825 993 2910 digna
1009 2825 1249 2904 coruscabant,2
1272 2827 1321 2890 ita
1344 2831 1383 2891 ut
1406 2828 1600 2893 viderentur
1624 2851 1721 2915 apo--

649 2929 808 2994 stolorum
833 2934 983 3012 tempora
1008 2927 1170 2992 renovari.
1219 2928 1303 3008 Qrue
1326 2935 1462 3016 propter
1485 2953 1595 2994 eorum
1622 2931 1720 2995 mul-.

648 3028 828 3096 titudinem
852 3030 1019 3109 omittens,
1043 3029 1085 3093 ad
1109 3030 1238 3116 Majorn
1262 3030 1424 3098 Croniea³
1448 3033 1562 3098 nancti
1576 3032 1722 3098 Albani.

650 3156 688 3199 ea-
710 3132 792 3197 scire
815 3131 964 3198 volentes
987 3132 1201 3199 transmitto.⁴

649 3445 698 3513 De
724 3440 920 3511 inreptione
955 3440 1069 3506 steneli
1102 3440 1331 3526 zlrtrpbibidil
1354 3465 1432 3510 enm
1455 3467 1574 3512 aorem
1603 3443 1704 3512 sociis

1131 3542 1231 3609 attis.⁰

478 3698 614 3754 Invention
695 3689 901 3755 Olaresccnte
933 3683 1068 3749 interim
1101 3684 1163 3764 die,
1200 3708 1299 3771 quam
1333 3695 1521 3754 sanctorum
1549 3691 1701 3757 inventio
1715 3708 1888 3775 Rogwena,

477 3768 630 3899 ffilssm
649 3791 868 3869 consecrabat,
891 3787 1090 3853 venerabilis
1105 3791 1200 3874 pater
1219 3788 1345 3874 Symon
1368 3792 1470 3857 abbas
1494 3794 1601 3859 locum
1617 3796 1702 3861 adiit
1749 3778 1780 3830 ii.
1793 3786 1857 3835 ³⁹⁴·

477 3903 528 3952 anu
540 3902 580 3953 his
648 3893 899 3969 strictissimum,
917 3895 959 3967 et,
984 3890 1155 3955 celebratis
1171 3891 1206 3955 in
1222 3894 1346 3979 capella
1362 3896 1467 3961 sancti
1490 3898 1513 3962 J
1515 3898 1609 3963 acobi
1632 3898 1702 3965 loco

476 3983 576 4087 {232³
650 3998 698 4062 illi
732 3995 898 4081 contigua,
937 3992 973 4056 in
1009 3993 1222 4059 veneratione
1263 3995 1354 4062 beati
1386 3999 1532 4082 martiris
1569 4000 1702 4078 Albani,

650 4104 771 4165 nostrae
794 4094 1029 4181 redemptionis
1044 4094 1212 4175 misteriis,
1229 4099 1397 4165 monacbis
1420 4102 1477 4187 qui
1500 4103 1647 4183 aderant,
1664 4110 1703 4169 ut

649 4203 826 4289 diligenter
860 4203 1053 4285 quaererent,
1078 4203 1123 4277 et,
1156 4199 1306 4285 pluribus
1337 4203 1495 4269 adhibitis
1518 4205 1702 4285 fossoribus,

661 4370 1432 4383 .-———-—-——-———-—·———————-.
1442 4378 1478 4383 —
1496 4379 1659 4387 ——-—.-

679 4482 896 4549 1εονιιεαιιιεῖὸιιε]
932 4482 1148 4544 eliontsesntibus,
1176 4488 1179 4547 l
1233 4486 1407 4555 δΛηψΙιὶΙιαΙι]
1427 4487 1591 4555 Amphabali,
1604 4493 1660 4546 MS.

604 4564 609 4573 ”
644 4568 700 4618 MS.

676 4643 870 4709 Εεονιιςεαόιικι]
890 4644 1082 4701 choruscabant‚
1091 4642 1151 4692 MS.
1233 4635 1295 4684 ΰ011
1315 4635 1358 4685 the
1377 4637 1454 4689 lower
1470 4640 1569 4705 margin
1581 4641 1603 4690 ie
1614 4642 1701 4692 dmum

677 4725 820 4789 ’Cronica]
842 4723 906 4774 This
925 4725 994 4771 word
1014 4723 1059 4772 has
1086 4724 1150 4772 been
1200 4729 1215 4762 a
1233 4716 1428 4778 representation
1442 4720 1473 4767 of
1485 4736 1500 4769 a
1512 4721 1567 4784 pair
1578 4721 1608 4770 os
1622 4720 1703 4770 hands

643 4807 737 4867 erased,
760 4807 804 4853 but
829 4804 850 4852 is
872 4803 921 4852 still
945 4803 1045 4866 legible.
1088 4801 1155 4852 Itis
1200 4793 1703 4863 diggingtltegroundwithapick,ana

643 4885 746 4934 omitted
758 4884 784 4931 in
797 4883 826 4932 1³.
1200 4874 1279 4923 above
1291 4875 1313 4924 is
1325 4877 1432 4933 written,
1444 4878 1470 4925 in
1485 4880 1537 4940 red,
1550 4879 1703 4928 “Ine-enitor

677 4960 983 5012 *Thenarmtiveofthp
1005 4960 1156 5010 miraclesis
1200 4964 1300 5003 attrectat
1329 4954 1490 5020 Artplu'bulus
1526 4959 1620 5018 ricarlir,
1649 4974 1701 5007 curu

641 5044 751 5093 inserted
771 5051 795 5090 at
818 5040 902 5104 length
916 5039 942 5087 iu
960 5038 989 5089 d.
1002 5042 1029 5089 t'.
1050 5040 1082 5088 D.
1106 5040 1154 5088 and
1176 5050 1179 5099 ξ
1200 5034 1357 5084 satissatis?

642 5119 1005 5180 tarraconenses-aet.
1176 5108 1179 5149 Ι
