4442 6392
656 1173 720 1237 260
783 1183 949 1234 ulmum
971 1181 1186 1233 rssmrsssrs
1206 1183 1371 1234 msrosm
1392 1182 1592 1232 aromaca.

485 1368 553 1420 AD.
567 1372 641 1418 ¹1³⁸·
657 1381 748 1446 quos,
771 1360 865 1447 quasi
887 1381 981 1425 muro
1002 1361 1106 1427 ferreo
1129 1360 1340 1438 offendentes,
1363 1359 1630 1448 impenetrabiles
1652 1358 1702 1422 in·

656 1468 829 1529 venerunt.
875 1461 949 1527 Viri
979 1467 1091 1529 autem
1122 1462 1363 1529 architenentes
1395 1467 1430 1528 et
1461 1460 1704 1527 arcubalistarii

655 1565 764 1653 gentis
786 1564 980 1651 Anglorum,
1003 1564 1172 1652 equitibus
1193 1566 1359 1653 permixti,
1380 1564 1487 1630 imbre
1508 1564 1703 1651 sagittarum

656 1674 691 1735 et
727 1669 926 1755 spiculorum
959 1669 1120 1756 grandine
1156 1668 1250 1734 letali
1282 1668 1413 1748 Scotos,
1445 1689 1527 1753 quos
1563 1667 1704 1732 inermes

656 1777 858 1858 repererunt,
888 1771 1118 1860 penetrabant,
1141 1771 1185 1836 ad
1214 1772 1353 1837 Tartara
1383 1771 1572 1836 destinatos.
1617 1769 1704 1834 Tota

657 1896 799 1961 namque
830 1897 910 1964 gens
943 1874 1128 1962 Anglorum
1154 1879 1190 1941 et
1219 1875 1317 1940 decus
1346 1873 1612 1940 Normanncrum
1642 1871 1703 1937 cir-

656 1998 732 2043 cum
755 1977 972 2044 standardum
994 1976 1198 2064 conglobata,
1221 1977 1379 2043 manebat
1401 1976 1587 2054 immobilis,
1612 1974 1705 2061 quasi

656 2080 693 2144 in
730 2080 800 2146 acie
837 2101 913 2158 una,
949 2079 1124 2166 disciplina
1160 2080 1299 2145 militari
1335 2079 1504 2167 castigata
1551 2079 1727 2144 Percusso.

656 2205 735 2250 vero
771 2204 848 2250 casu
879 2182 1004 2270 sagitta
1040 2204 1168 2248 summo
1205 2183 1424 2250 Loenensium
1457 2183 1547 2263 duce,
1582 2181 1706 2247 corruit

656 2287 735 2374 ipse,
757 2290 793 2352 et
814 2307 894 2374 gens
923 2285 994 2372 ejus
1024 2289 1105 2366 tota,
1136 2285 1198 2351 hoc
1228 2285 1308 2366 viso,
1331 2286 1369 2351 in
1399 2285 1513 2373 fugam
1545 2289 1596 2350 est
1630 2304 1706 2349 con·

552 2423 555 2430 ·
656 2411 759 2456 versa
806 2389 903 2470 Quod
925 2394 960 2454 et
982 2388 1116 2454 intuens
1139 2389 1313 2455 Scotorum
1336 2388 1428 2465 acies,
1451 2410 1526 2474 quae
1548 2410 1591 2453 ex
1613 2391 1707 2474 parte

656 2491 762 2558 altera
783 2491 938 2557 acerrime
968 2491 1175 2579 confligebat,
1205 2492 1316 2557 animo
1346 2495 1561 2557 consternata
1590 2488 1708 2555 condo·

657 2593 730 2673 luit,
766 2604 801 2660 et
832 2592 919 2680 fugae
949 2592 1203 2659 incunctanter¹
1236 2593 1385 2660 indulsit
1431 2593 1564 2681 Regalis
1594 2596 1708 2657 autem

658 2697 753 2776 acies,
782 2719 825 2763 ex
855 2697 995 2763 diversis
1023 2697 1180 2784 gentibus
1209 2698 1399 2774 constituta,
1433 2696 1532 2761 simul
1565 2699 1606 2760 ut
1639 2693 1710 2760 haec

661 2800 758 2880 vidit,
780 2804 952 2885 coeperunt
984 2799 1091 2885 primo
1122 2798 1315 2886 sigillatim,2
1346 2799 1464 2865 deinde
1494 2819 1572 2864 vero
1598 2797 1710 2883 urgere

664 2900 866 2980 catervatim,
896 2922 971 2987 rege
997 2901 1065 2967 solo
1094 2902 1201 2968 adhuc
1234 2902 1440 2990 persistente.
1486 2900 1584 2981 Quod
1613 2900 1711 2966 amici

561 2993 588 3027 ¹¹¹
664 3005 751 3090 regis
781 3004 959 3084 intuentes,
994 3010 1171 3092 coegenmt
1202 3028 1277 3071 eum
1309 3026 1393 3093 equo
1429 3025 1563 3070 ascenso
1599 3002 1711 3090 sugere

666 3105 875 3172 velocissimo.
923 3105 1025 3191 Cujus
1050 3107 1139 3173 filius
1161 3108 1198 3171 in
1224 3108 1324 3172 armis
1353 3106 1608 3187 strenuissimus,
1630 3107 1713 3171 alio·

660 3230 735 3275 rum
757 3208 871 3297 fugam
900 3231 969 3274 non
998 3211 1184 3288 attendens,
1214 3211 1272 3277 sed
1302 3210 1364 3276 soli
1392 3211 1507 3297 gloriae
1529 3232 1567 3275 ac
1587 3209 1707 3274 virtuti

658 3313 802 3392 inhians,
825 3312 911 3379 acies
940 3312 1087 3378 bostium
1117 3313 1244 3400 impetu
1276 3313 1408 3379 ardenti
1437 3313 1606 3401 percussit,
1629 3312 1709 3378 licet

658 3415 747 3480 illius
784 3415 920 3503 agmina
956 3419 1072 3481 contra
1110 3416 1236 3501 equites
1273 3414 1426 3481 loricatos
1457 3416 1607 3480 resistere
1638 3437 1707 3480 non

658 3518 828 3598 valerent;
850 3517 907 3583 sed
933 3515 1067 3582 tandem
1092 3522 1294 3584 armatorum
1321 3517 1650 3604 violentiapotenter
1672 3518 1891 3616 iunopwena

491 3637 611 3690 nann-
660 3619 772 3707 fugam
794 3620 865 3706 ipse
890 3624 925 3685 et
948 3619 1000 3685 sui
1022 3625 1101 3684 sunt
1125 3620 1291 3707 compulsi
1339 3621 1384 3685 Et
1406 3621 1452 3686 sic
1473 3620 1613 3686 feliciter
1635 3625 1730 3707 post.
1755 3602 1858 3659 Μ

489 3703 651 3838 fflfflyj‘ff
663 3723 785 3788 eadem
818 3721 1005 3787 asadiam
1035 3721 1138 3810 Angli
1168 3722 1425 3810 triumpharunt.
1471 3723 1512 3787 In
1547 3743 1612 3809 quo
1642 3744 1730 3788 ar..

662 3826 787 3892 tamine
809 3824 962 3892 undecim
993 3824 1168 3891 Scotorum
1198 3826 1292 3891 milia
1321 3825 1410 3892 fama
1438 3825 1589 3912 perhibet
1610 3825 1710 3891 truci-

661 3929 749 4008 data,
774 3927 920 4014 exceptis
942 3927 1018 4005 illis,
1033 3928 1091 4014 qui
1112 3929 1149 3993 in
1171 3928 1338 4016 segetibus
1361 3933 1395 3994 et
1417 3929 1561 3994 dumetis
1582 3928 1712 3994 inventi

658 4037 738 4097 sunt
766 4030 912 4097 letaliter
941 4031 1118 4096 vulnerati
1165 4031 1220 4097 Ex
1250 4030 1436 4118 Anglorum
1466 4036 1579 4097 autem
1609 4031 1713 4097 omni-

659 4136 721 4201 bus
743 4134 910 4222 equitibus
931 4133 1035 4200 frater
1058 4133 1221 4201 Gileberti
1245 4135 1287 4200 de
1310 4135 1415 4222 Lascy
1444 4134 1533 4201 solus
1555 4134 1712 4201 inventus

659 4245 710 4304 est
738 4235 935 4318 trucidatus,
966 4241 1001 4303 et
1030 4237 1183 4324 peditum
1214 4239 1394 4303 admodum
1425 4237 1620 4324 paucissimi
1667 4237 1733 4312 Et,

659 4363 734 4408 cum
757 4342 903 4429 turpiter
923 4340 1137 4406 vincerentur
1159 4340 1259 4420 Scoti,
1283 4340 1351 4406 suis
1381 4338 1580 4406 sceleribus³
1600 4361 1732 4413 mauu,

657 4441 727 4522 lati,
744 4465 876 4510 naevum
892 4442 1060 4531 opprobrii
1082 4443 1202 4509 exinde
1223 4447 1461 4509 contraxerunt
1483 4440 1731 4522 indelebilem,

657 4567 732 4612 cum
769 4546 858 4612 enim
895 4545 961 4611 illis
1001 4545 1133 4612 satirico
1171 4546 1294 4612 dicitur
1341 4545 1456 4633 lingua
1492 4565 1553 4609 sua
1595 4542 1730 4631 petria„

659 4649 768 4736 “Yry,
793 4671 868 4736 yry,
899 4647 1086 4728 standard,''
1118 4648 1212 4736 quasi
1244 4648 1337 4715 obice
1366 4648 1434 4714 telo
1464 4647 1733 4720 confimduntur,

488 4737 647 4860 aaut&
657 4752 845 4840 repercussi.
890 4750 1012 4818 Actum
1051 4756 1103 4818 cst
1134 4755 1244 4819 autem
1276 4751 1399 4818 bellum
1433 4751 1495 4817 hoc
1525 4749 1732 4821 cruentissi.

689 5048 696 5077 ¹
710 5045 892 5112 incunctanter]
912 5010 1149 5105 incantamentis.
1239 5044 1404 5111 'cednibusJ
1424 5044 1554 5105 celeribus,
1565 5043 1621 5096 MS.

689 5124 847 5192 'tigillum
867 5124 1023 5190 siufflllutim
1035 5125 1091 5176 MS.
