<?xml version="1.0" encoding="UTF-8"?>
<!DOCTYPE html PUBLIC "-//W3C//DTD XHTML 1.0 Transitional//EN"
    "http://www.w3.org/TR/xhtml1/DTD/xhtml1-transitional.dtd">
<html xmlns="http://www.w3.org/1999/xhtml" xml:lang="en" lang="en">
 <head>
  <title>
</title>
<meta http-equiv="Content-Type" content="text/html;charset=utf-8" />
  <meta name='ocr-system' content='tesseract 3.04.00' />
  <meta name='ocr-capabilities' content='ocr_page ocr_carea ocr_par ocr_line ocrx_word'/>
</head>
<body>
  <div class='ocr_page' id='page_1' title='image "./matthiparisiens01parigoog/matthiparisiens01parigoog_0401.png"; bbox 0 0 4442 6392; ppageno 0'>
   <div class='ocr_carea' id='block_1_1' title="bbox 698 1155 1628 1227">
    <p class='ocr_par' dir='ltr' id='par_1_1' title="bbox 698 1155 1628 1227">
     <span class='ocr_line' id='line_1_1' title="bbox 698 1155 1628 1227; baseline 0.006 -14"><span class='ocrx_word' id='word_1_1' title='bbox 698 1166 745 1214; x_wconf 86' lang='lat' dir='ltr'><strong>un</strong></span> <span class='ocrx_word' id='word_1_2' title='bbox 767 1165 926 1214; x_wconf 72' lang='lat' dir='ltr'><strong>runcone</strong></span> <span class='ocrx_word' id='word_1_3' title='bbox 950 1166 1050 1215; x_wconf 82' lang='lat' dir='ltr'><strong>aucus</strong></span> <span class='ocrx_word' id='word_1_4' title='bbox 1073 1165 1500 1227; x_wconf 80' lang='lat' dir='ltr'><strong>nnnmor,vm.snouun1.</strong></span> <span class='ocrx_word' id='word_1_5' title='bbox 1562 1155 1628 1219; x_wconf 80' lang='lat'><strong>³13</strong></span> 
     </span>
    </p>
   </div>
   <div class='ocr_carea' id='block_1_2' title="bbox 406 1337 1796 4592">
    <p class='ocr_par' dir='ltr' id='par_1_2' title="bbox 406 1337 1796 4592">
     <span class='ocr_line' id='line_1_2' title="bbox 554 1337 1796 1428; baseline -0.008 -22"><span class='ocrx_word' id='word_1_6' title='bbox 554 1339 692 1406; x_wconf 85' lang='lat' dir='ltr'><strong>.eadem</strong></span> <span class='ocrx_word' id='word_1_7' title='bbox 714 1361 806 1420; x_wconf 88' lang='lat' dir='ltr'><strong>voce,</strong></span> <span class='ocrx_word' id='word_1_8' title='bbox 832 1344 849 1376; x_wconf 92' lang='lat'><strong>“</strong></span> <span class='ocrx_word' id='word_1_9' title='bbox 868 1337 1022 1405; x_wconf 80' lang='lat' dir='ltr'><strong>Amen!&#39;&#39;</strong></span> <span class='ocrx_word' id='word_1_10' title='bbox 1054 1339 1207 1404; x_wconf 89' lang='lat' dir='ltr'><strong>Audiens</strong></span> <span class='ocrx_word' id='word_1_11' title='bbox 1222 1343 1336 1404; x_wconf 91' lang='lat' dir='ltr'><strong>autem</strong></span> <span class='ocrx_word' id='word_1_12' title='bbox 1355 1339 1415 1405; x_wconf 84' lang='lat' dir='ltr'><strong>has</strong></span> <span class='ocrx_word' id='word_1_13' title='bbox 1437 1362 1534 1406; x_wconf 84' lang='lat' dir='ltr'><strong>voces</strong></span> <span class='ocrx_word' id='word_1_14' title='bbox 1557 1342 1627 1428; x_wconf 89' lang='lat' dir='ltr'><strong>epi·</strong></span> <span class='ocrx_word' id='word_1_15' title='bbox 1641 1348 1710 1399; x_wconf 73' lang='lat' dir='ltr'><strong>Al).</strong></span> <span class='ocrx_word' id='word_1_16' title='bbox 1725 1351 1796 1398; x_wconf 79' lang='lat'>1161.</span> 
     </span>
     <span class='ocr_line' id='line_1_3' title="bbox 575 1439 1628 1530; baseline 0.002 -24"><span class='ocrx_word' id='word_1_17' title='bbox 575 1439 713 1529; x_wconf 83' lang='lat' dir='ltr'><strong>scopus,l</strong></span> <span class='ocrx_word' id='word_1_18' title='bbox 738 1447 773 1506; x_wconf 91' lang='lat' dir='ltr'><strong>et</strong></span> <span class='ocrx_word' id='word_1_19' title='bbox 806 1442 996 1527; x_wconf 87' lang='lat' dir='ltr'><strong>intelligens</strong></span> <span class='ocrx_word' id='word_1_20' title='bbox 1022 1462 1134 1506; x_wconf 84' lang='lat' dir='ltr'><strong>earum</strong></span> <span class='ocrx_word' id='word_1_21' title='bbox 1158 1442 1350 1520; x_wconf 89' lang='lat' dir='ltr'><strong>sententias,</strong></span> <span class='ocrx_word' id='word_1_22' title='bbox 1375 1443 1550 1530; x_wconf 73' lang='lat' dir='ltr'><strong>obstupuit</strong></span> <span class='ocrx_word' id='word_1_23' title='bbox 1574 1466 1628 1508; x_wconf 89' lang='lat' dir='ltr'><strong>ve-</strong></span> 
     </span>
     <span class='ocr_line' id='line_1_4' title="bbox 576 1544 1630 1632; baseline 0.004 -25"><span class='ocrx_word' id='word_1_24' title='bbox 576 1544 754 1621; x_wconf 89' lang='lat' dir='ltr'><strong>homenter,</strong></span> <span class='ocrx_word' id='word_1_25' title='bbox 776 1566 877 1630; x_wconf 88' lang='lat' dir='ltr'><strong>supra</strong></span> <span class='ocrx_word' id='word_1_26' title='bbox 906 1544 1043 1609; x_wconf 90' lang='lat' dir='ltr'><strong>modum</strong></span> <span class='ocrx_word' id='word_1_27' title='bbox 1066 1544 1235 1608; x_wconf 88' lang='lat' dir='ltr'><strong>admirans</strong></span> <span class='ocrx_word' id='word_1_28' title='bbox 1257 1544 1339 1630; x_wconf 92' lang='lat' dir='ltr'><strong>quid</strong></span> <span class='ocrx_word' id='word_1_29' title='bbox 1361 1544 1432 1611; x_wconf 87' lang='lat' dir='ltr'><strong>haec</strong></span> <span class='ocrx_word' id='word_1_30' title='bbox 1455 1546 1630 1632; x_wconf 84' lang='lat' dir='ltr'><strong>portende·</strong></span> 
     </span>
     <span class='ocr_line' id='line_1_5' title="bbox 575 1645 1628 1732; baseline 0.001 -21"><span class='ocrx_word' id='word_1_31' title='bbox 575 1651 659 1711; x_wconf 88' lang='lat' dir='ltr'><strong>rent.</strong></span> <span class='ocrx_word' id='word_1_32' title='bbox 706 1645 936 1711; x_wconf 81' lang='lat' dir='ltr'><strong>Cubicularius</strong></span> <span class='ocrx_word' id='word_1_33' title='bbox 959 1667 1038 1711; x_wconf 90' lang='lat' dir='ltr'><strong>vero</strong></span> <span class='ocrx_word' id='word_1_34' title='bbox 1068 1645 1205 1711; x_wconf 87' lang='lat' dir='ltr'><strong>interim</strong></span> <span class='ocrx_word' id='word_1_35' title='bbox 1237 1648 1349 1710; x_wconf 89' lang='lat' dir='ltr'><strong>lumen</strong></span> <span class='ocrx_word' id='word_1_36' title='bbox 1367 1652 1530 1732; x_wconf 84' lang='lat' dir='ltr'><strong>quaerens,</strong></span> <span class='ocrx_word' id='word_1_37' title='bbox 1554 1671 1628 1712; x_wconf 88' lang='lat' dir='ltr'><strong>oum</strong></span> 
     </span>
     <span class='ocr_line' id='line_1_6' title="bbox 575 1747 1629 1834; baseline 0.003 -22"><span class='ocrx_word' id='word_1_38' title='bbox 575 1769 682 1834; x_wconf 88' lang='lat' dir='ltr'><strong>neque</strong></span> <span class='ocrx_word' id='word_1_39' title='bbox 704 1748 741 1811; x_wconf 91' lang='lat' dir='ltr'><strong>in</strong></span> <span class='ocrx_word' id='word_1_40' title='bbox 764 1747 841 1813; x_wconf 88' lang='lat' dir='ltr'><strong>aula</strong></span> <span class='ocrx_word' id='word_1_41' title='bbox 865 1769 970 1833; x_wconf 89' lang='lat' dir='ltr'><strong>neque</strong></span> <span class='ocrx_word' id='word_1_42' title='bbox 986 1747 1150 1833; x_wconf 80' lang='lat' dir='ltr'><strong>coquina²</strong></span> <span class='ocrx_word' id='word_1_43' title='bbox 1172 1749 1284 1834; x_wconf 85' lang='lat' dir='ltr'><strong>ignem</strong></span> <span class='ocrx_word' id='word_1_44' title='bbox 1306 1748 1505 1834; x_wconf 83' lang='lat' dir='ltr'><strong>reperisset,³</strong></span> <span class='ocrx_word' id='word_1_45' title='bbox 1521 1750 1629 1815; x_wconf 77' lang='lat' dir='ltr'>exivit</span> 
     </span>
     <span class='ocr_line' id='line_1_7' title="bbox 575 1849 1628 1937; baseline 0.003 -23"><span class='ocrx_word' id='word_1_46' title='bbox 575 1849 612 1914; x_wconf 92' lang='lat' dir='ltr'><strong>in</strong></span> <span class='ocrx_word' id='word_1_47' title='bbox 634 1849 749 1914; x_wconf 90' lang='lat' dir='ltr'><strong>villam</strong></span> <span class='ocrx_word' id='word_1_48' title='bbox 784 1851 914 1929; x_wconf 87' lang='lat' dir='ltr'><strong>anxins,</strong></span> <span class='ocrx_word' id='word_1_49' title='bbox 948 1857 990 1928; x_wconf 92' lang='lat' dir='ltr'><strong>et,</strong></span> <span class='ocrx_word' id='word_1_50' title='bbox 1027 1851 1142 1915; x_wconf 90' lang='lat' dir='ltr'><strong>multis</strong></span> <span class='ocrx_word' id='word_1_51' title='bbox 1160 1849 1230 1934; x_wconf 91' lang='lat' dir='ltr'><strong>jam</strong></span> <span class='ocrx_word' id='word_1_52' title='bbox 1253 1850 1380 1916; x_wconf 84' lang='lat' dir='ltr'><strong>oedibus</strong></span> <span class='ocrx_word' id='word_1_53' title='bbox 1409 1851 1628 1937; x_wconf 84' lang='lat' dir='ltr'><strong>perlustratis,</strong></span> 
     </span>
     <span class='ocr_line' id='line_1_8' title="bbox 574 1951 1628 2040; baseline 0.004 -25"><span class='ocrx_word' id='word_1_54' title='bbox 574 1952 686 2017; x_wconf 90' lang='lat' dir='ltr'><strong>lumen</strong></span> <span class='ocrx_word' id='word_1_55' title='bbox 709 1957 861 2037; x_wconf 88' lang='lat' dir='ltr'><strong>optatum</strong></span> <span class='ocrx_word' id='word_1_56' title='bbox 896 1973 963 2017; x_wconf 92' lang='lat' dir='ltr'><strong>non</strong></span> <span class='ocrx_word' id='word_1_57' title='bbox 990 1952 1128 2017; x_wconf 78' lang='lat' dir='ltr'><strong>irrvenit.</strong></span> <span class='ocrx_word' id='word_1_58' title='bbox 1175 1951 1330 2030; x_wconf 81' lang='lat' dir='ltr'><strong>Tandem,</strong></span> <span class='ocrx_word' id='word_1_59' title='bbox 1355 1974 1429 2018; x_wconf 91' lang='lat' dir='ltr'><strong>cum</strong></span> <span class='ocrx_word' id='word_1_60' title='bbox 1452 1954 1628 2040; x_wconf 84' lang='lat' dir='ltr'><strong>quaerendo</strong></span> 
     </span>
     <span class='ocr_line' id='line_1_9' title="bbox 574 2054 1630 2141; baseline 0.003 -23"><span class='ocrx_word' id='word_1_61' title='bbox 574 2054 639 2120; x_wconf 90' lang='lat' dir='ltr'><strong>huc</strong></span> <span class='ocrx_word' id='word_1_62' title='bbox 670 2054 813 2140; x_wconf 86' lang='lat' dir='ltr'><strong>illucque</strong></span> <span class='ocrx_word' id='word_1_63' title='bbox 857 2054 914 2119; x_wconf 90' lang='lat' dir='ltr'><strong>din</strong></span> <span class='ocrx_word' id='word_1_64' title='bbox 949 2054 1166 2132; x_wconf 87' lang='lat' dir='ltr'><strong>discurrisset,</strong></span> <span class='ocrx_word' id='word_1_65' title='bbox 1197 2055 1286 2119; x_wconf 89' lang='lat' dir='ltr'><strong>vidit</strong></span> <span class='ocrx_word' id='word_1_66' title='bbox 1318 2054 1430 2120; x_wconf 88' lang='lat' dir='ltr'><strong>lumen</strong></span> <span class='ocrx_word' id='word_1_67' title='bbox 1465 2057 1559 2141; x_wconf 83' lang='lat' dir='ltr'><strong>quasi</strong></span> <span class='ocrx_word' id='word_1_68' title='bbox 1592 2057 1630 2121; x_wconf 93' lang='lat' dir='ltr'><strong>in</strong></span> 
     </span>
     <span class='ocr_line' id='line_1_10' title="bbox 574 2156 1629 2243; baseline 0.002 -21"><span class='ocrx_word' id='word_1_69' title='bbox 574 2156 695 2222; x_wconf 88' lang='lat' dir='ltr'><strong>ultima</strong></span> <span class='ocrx_word' id='word_1_70' title='bbox 716 2156 769 2222; x_wconf 84' lang='lat' dir='ltr'><strong>vel</strong></span> <span class='ocrx_word' id='word_1_71' title='bbox 792 2156 977 2243; x_wconf 88' lang='lat' dir='ltr'><strong>penultima</strong></span> <span class='ocrx_word' id='word_1_72' title='bbox 1001 2157 1098 2222; x_wconf 91' lang='lat' dir='ltr'><strong>domo</strong></span> <span class='ocrx_word' id='word_1_73' title='bbox 1120 2157 1233 2236; x_wconf 79' lang='lat' dir='ltr'><strong>villae3</strong></span> <span class='ocrx_word' id='word_1_74' title='bbox 1256 2163 1291 2222; x_wconf 90' lang='lat' dir='ltr'><strong>et</strong></span> <span class='ocrx_word' id='word_1_75' title='bbox 1312 2157 1391 2222; x_wconf 88' lang='lat' dir='ltr'><strong>illuc</strong></span> <span class='ocrx_word' id='word_1_76' title='bbox 1413 2180 1447 2223; x_wconf 89' lang='lat' dir='ltr'><strong>se</strong></span> <span class='ocrx_word' id='word_1_77' title='bbox 1470 2179 1544 2223; x_wconf 92' lang='lat' dir='ltr'><strong>cum</strong></span> <span class='ocrx_word' id='word_1_78' title='bbox 1566 2157 1629 2224; x_wconf 87' lang='lat' dir='ltr'><strong>fes·</strong></span> 
     </span>
     <span class='ocr_line' id='line_1_11' title="bbox 575 2257 1628 2345; baseline 0.003 -23"><span class='ocrx_word' id='word_1_79' title='bbox 575 2258 739 2325; x_wconf 90' lang='lat' dir='ltr'><strong>tinatione</strong></span> <span class='ocrx_word' id='word_1_80' title='bbox 762 2257 939 2339; x_wconf 83' lang='lat' dir='ltr'><strong>conferens,</strong></span> <span class='ocrx_word' id='word_1_81' title='bbox 956 2258 1088 2324; x_wconf 87' lang='lat' dir='ltr'><strong>invenit</strong></span> <span class='ocrx_word' id='word_1_82' title='bbox 1109 2260 1147 2323; x_wconf 90' lang='lat' dir='ltr'><strong>in</strong></span> <span class='ocrx_word' id='word_1_83' title='bbox 1170 2259 1267 2324; x_wconf 91' lang='lat' dir='ltr'><strong>domo</strong></span> <span class='ocrx_word' id='word_1_84' title='bbox 1291 2259 1461 2345; x_wconf 88' lang='lat' dir='ltr'><strong>cujusdam</strong></span> <span class='ocrx_word' id='word_1_85' title='bbox 1484 2260 1628 2326; x_wconf 90' lang='lat' dir='ltr'><strong>hominis</strong></span> 
     </span>
     <span class='ocr_line' id='line_1_12' title="bbox 575 2360 1628 2447; baseline 0.002 -21"><span class='ocrx_word' id='word_1_86' title='bbox 575 2382 690 2447; x_wconf 90' lang='lat' dir='ltr'><strong>corpus</strong></span> <span class='ocrx_word' id='word_1_87' title='bbox 705 2365 787 2426; x_wconf 92' lang='lat' dir='ltr'><strong>tunc</strong></span> <span class='ocrx_word' id='word_1_88' title='bbox 801 2361 1039 2440; x_wconf 86' lang='lat' dir='ltr'><strong>exanimatum,</strong></span> <span class='ocrx_word' id='word_1_89' title='bbox 1056 2364 1180 2426; x_wconf 90' lang='lat' dir='ltr'><strong>etcum</strong></span> <span class='ocrx_word' id='word_1_90' title='bbox 1196 2360 1378 2446; x_wconf 80' lang='lat' dir='ltr'><strong>presbitero</strong></span> <span class='ocrx_word' id='word_1_91' title='bbox 1400 2361 1490 2427; x_wconf 85' lang='lat' dir='ltr'><strong>villae</strong></span> <span class='ocrx_word' id='word_1_92' title='bbox 1506 2361 1628 2428; x_wconf 88' lang='lat' dir='ltr'><strong>multos</strong></span> 
     </span>
     <span class='ocr_line' id='line_1_13' title="bbox 577 2462 1628 2551; baseline 0.002 -23"><span class='ocrx_word' id='word_1_93' title='bbox 577 2462 749 2549; x_wconf 90' lang='lat' dir='ltr'><strong>utriusque</strong></span> <span class='ocrx_word' id='word_1_94' title='bbox 786 2483 884 2528; x_wconf 86' lang='lat' dir='ltr'><strong>sexus</strong></span> <span class='ocrx_word' id='word_1_95' title='bbox 919 2462 1068 2528; x_wconf 89' lang='lat' dir='ltr'><strong>homines</strong></span> <span class='ocrx_word' id='word_1_96' title='bbox 1110 2463 1372 2540; x_wconf 74' lang='lat' dir='ltr'><strong>circumstantes,</strong></span> <span class='ocrx_word' id='word_1_97' title='bbox 1411 2486 1479 2551; x_wconf 85' lang='lat' dir='ltr'><strong>prae</strong></span> <span class='ocrx_word' id='word_1_98' title='bbox 1518 2463 1628 2530; x_wconf 88' lang='lat' dir='ltr'><strong>dolore</strong></span> 
     </span>
     <span class='ocr_line' id='line_1_14' title="bbox 576 2564 1628 2653; baseline 0.005 -25"><span class='ocrx_word' id='word_1_99' title='bbox 576 2564 794 2630; x_wconf 83' lang='lat' dir='ltr'><strong>lacrimantes</strong></span> <span class='ocrx_word' id='word_1_100' title='bbox 840 2565 889 2634; x_wconf 84' lang='lat' dir='ltr'><strong>At</strong></span> <span class='ocrx_word' id='word_1_101' title='bbox 919 2564 1138 2630; x_wconf 88' lang='lat' dir='ltr'><strong>cubicularius</strong></span> <span class='ocrx_word' id='word_1_102' title='bbox 1165 2565 1319 2652; x_wconf 83' lang='lat' dir='ltr'><strong>episcopi,</strong></span> <span class='ocrx_word' id='word_1_103' title='bbox 1343 2588 1441 2653; x_wconf 89' lang='lat' dir='ltr'><strong>super</strong></span> <span class='ocrx_word' id='word_1_104' title='bbox 1466 2565 1531 2631; x_wconf 90' lang='lat' dir='ltr'><strong>hiis</strong></span> <span class='ocrx_word' id='word_1_105' title='bbox 1554 2589 1628 2653; x_wconf 86' lang='lat' dir='ltr'><strong>quac</strong></span> 
     </span>
     <span class='ocr_line' id='line_1_15' title="bbox 575 2665 1628 2753; baseline 0.004 -23"><span class='ocrx_word' id='word_1_106' title='bbox 575 2665 664 2731; x_wconf 86' lang='lat' dir='ltr'><strong>vidit</strong></span> <span class='ocrx_word' id='word_1_107' title='bbox 686 2688 754 2732; x_wconf 91' lang='lat' dir='ltr'><strong>non</strong></span> <span class='ocrx_word' id='word_1_108' title='bbox 788 2665 933 2732; x_wconf 89' lang='lat' dir='ltr'><strong>multum</strong></span> <span class='ocrx_word' id='word_1_109' title='bbox 965 2666 1137 2744; x_wconf 89' lang='lat' dir='ltr'><strong>sollicitus,</strong></span> <span class='ocrx_word' id='word_1_110' title='bbox 1159 2667 1273 2732; x_wconf 91' lang='lat' dir='ltr'><strong>lumen</strong></span> <span class='ocrx_word' id='word_1_111' title='bbox 1295 2668 1407 2753; x_wconf 86' lang='lat' dir='ltr'><strong>posuit</strong></span> <span class='ocrx_word' id='word_1_112' title='bbox 1437 2667 1474 2732; x_wconf 92' lang='lat' dir='ltr'><strong>in</strong></span> <span class='ocrx_word' id='word_1_113' title='bbox 1495 2668 1628 2734; x_wconf 89' lang='lat' dir='ltr'><strong>laterna</strong></span> 
     </span>
     <span class='ocr_line' id='line_1_16' title="bbox 574 2768 1628 2857; baseline 0.004 -24"><span class='ocrx_word' id='word_1_114' title='bbox 574 2768 921 2850; x_wconf 58' lang='lat' dir='ltr'><strong>succressente</strong></span> <span class='ocrx_word' id='word_1_115' title='bbox 954 2768 998 2834; x_wconf 85' lang='lat' dir='ltr'><strong>ad</strong></span> <span class='ocrx_word' id='word_1_116' title='bbox 1031 2770 1201 2835; x_wconf 91' lang='lat' dir='ltr'><strong>dominum</strong></span> <span class='ocrx_word' id='word_1_117' title='bbox 1237 2791 1334 2834; x_wconf 89' lang='lat' dir='ltr'><strong>suum</strong></span> <span class='ocrx_word' id='word_1_118' title='bbox 1368 2771 1555 2857; x_wconf 88' lang='lat' dir='ltr'><strong>episcopum</strong></span> <span class='ocrx_word' id='word_1_119' title='bbox 1578 2795 1628 2837; x_wconf 86' lang='lat' dir='ltr'><strong>re·</strong></span> 
     </span>
     <span class='ocr_line' id='line_1_17' title="bbox 576 2871 1627 2959; baseline 0.003 -23"><span class='ocrx_word' id='word_1_120' title='bbox 576 2893 698 2947; x_wconf 90' lang='lat' dir='ltr'><strong>versus,</strong></span> <span class='ocrx_word' id='word_1_121' title='bbox 738 2892 811 2957; x_wconf 82' lang='lat' dir='ltr'><strong>quae</strong></span> <span class='ocrx_word' id='word_1_122' title='bbox 849 2871 913 2936; x_wconf 89' lang='lat' dir='ltr'><strong>sibi</strong></span> <span class='ocrx_word' id='word_1_123' title='bbox 948 2872 1138 2937; x_wconf 88' lang='lat' dir='ltr'><strong>acciderant</strong></span> <span class='ocrx_word' id='word_1_124' title='bbox 1176 2893 1235 2959; x_wconf 93' lang='lat' dir='ltr'><strong>per</strong></span> <span class='ocrx_word' id='word_1_125' title='bbox 1265 2871 1412 2937; x_wconf 88' lang='lat' dir='ltr'><strong>ordinem</strong></span> <span class='ocrx_word' id='word_1_126' title='bbox 1451 2874 1627 2939; x_wconf 86' lang='lat' dir='ltr'><strong>enarravit.</strong></span> 
     </span>
     <span class='ocr_line' id='line_1_18' title="bbox 406 2972 1628 3068; baseline 0 -28"><span class='ocrx_word' id='word_1_127' title='bbox 406 2989 565 3068; x_wconf 57' lang='lat' dir='ltr'><strong>Ropwmd.</strong></span> <span class='ocrx_word' id='word_1_128' title='bbox 579 2972 733 3039; x_wconf 77' lang='lat' dir='ltr'><strong>Caritatis</strong></span> <span class='ocrx_word' id='word_1_129' title='bbox 770 2973 877 3059; x_wconf 87' lang='lat' dir='ltr'><strong>igitur</strong></span> <span class='ocrx_word' id='word_1_130' title='bbox 906 2973 1092 3049; x_wconf 78' lang='lat' dir='ltr'><strong>matutinis,</strong></span> <span class='ocrx_word' id='word_1_131' title='bbox 1124 2996 1198 3039; x_wconf 91' lang='lat' dir='ltr'><strong>cum</strong></span> <span class='ocrx_word' id='word_1_132' title='bbox 1233 2973 1303 3039; x_wconf 91' lang='lat' dir='ltr'><strong>dies</strong></span> <span class='ocrx_word' id='word_1_133' title='bbox 1336 2974 1512 3053; x_wconf 79' lang='lat' dir='ltr'><strong>illuxisset,</strong></span> <span class='ocrx_word' id='word_1_134' title='bbox 1550 2976 1628 3042; x_wconf 80' lang='lat' dir='ltr'><strong>fecit</strong></span> 
     </span>
     <span class='ocr_line' id='line_1_19' title="bbox 441 3061 1629 3164; baseline 0.001 -22"><span class='ocrx_word' id='word_1_135' title='bbox 441 3061 535 3108; x_wconf 55' lang='grc' dir='ltr'><strong>ΗΜ·</strong></span> <span class='ocrx_word' id='word_1_136' title='bbox 576 3076 746 3164; x_wconf 90' lang='lat' dir='ltr'><strong>episcopus</strong></span> <span class='ocrx_word' id='word_1_137' title='bbox 767 3075 942 3140; x_wconf 86' lang='lat' dir='ltr'><strong>convenire</strong></span> <span class='ocrx_word' id='word_1_138' title='bbox 957 3075 1185 3161; x_wconf 83' lang='lat' dir='ltr'><strong>presbiterum,</strong></span> <span class='ocrx_word' id='word_1_139' title='bbox 1207 3099 1282 3142; x_wconf 91' lang='lat' dir='ltr'><strong>cum</strong></span> <span class='ocrx_word' id='word_1_140' title='bbox 1305 3078 1502 3164; x_wconf 86' lang='lat' dir='ltr'><strong>quibusdam</strong></span> <span class='ocrx_word' id='word_1_141' title='bbox 1524 3078 1629 3143; x_wconf 91' lang='lat' dir='ltr'><strong>homi-</strong></span> 
     </span>
     <span class='ocr_line' id='line_1_20' title="bbox 575 3174 1628 3267; baseline 0.004 -25"><span class='ocrx_word' id='word_1_142' title='bbox 575 3179 674 3244; x_wconf 93' lang='lat' dir='ltr'><strong>nibus</strong></span> <span class='ocrx_word' id='word_1_143' title='bbox 697 3177 797 3258; x_wconf 83' lang='lat' dir='ltr'><strong>villae,</strong></span> <span class='ocrx_word' id='word_1_144' title='bbox 820 3181 855 3242; x_wconf 93' lang='lat' dir='ltr'><strong>et</strong></span> <span class='ocrx_word' id='word_1_145' title='bbox 885 3176 1072 3243; x_wconf 84' lang='lat' dir='ltr'><strong>sciscitatus</strong></span> <span class='ocrx_word' id='word_1_146' title='bbox 1104 3174 1176 3243; x_wconf 82' lang='lat' dir='ltr'><strong>est‘</strong></span> <span class='ocrx_word' id='word_1_147' title='bbox 1209 3179 1252 3243; x_wconf 91' lang='lat' dir='ltr'><strong>ab</strong></span> <span class='ocrx_word' id='word_1_148' title='bbox 1283 3179 1406 3245; x_wconf 91' lang='lat' dir='ltr'><strong>eisdem</strong></span> <span class='ocrx_word' id='word_1_149' title='bbox 1442 3179 1628 3267; x_wconf 86' lang='lat' dir='ltr'><strong>diligenter,</strong></span> 
     </span>
     <span class='ocr_line' id='line_1_21' title="bbox 576 3277 1627 3367; baseline 0.004 -24"><span class='ocrx_word' id='word_1_150' title='bbox 576 3280 650 3366; x_wconf 92' lang='lat' dir='ltr'><strong>quis</strong></span> <span class='ocrx_word' id='word_1_151' title='bbox 677 3280 779 3344; x_wconf 84' lang='lat' dir='ltr'><strong>homo</strong></span> <span class='ocrx_word' id='word_1_152' title='bbox 811 3277 868 3343; x_wconf 91' lang='lat' dir='ltr'><strong>ille</strong></span> <span class='ocrx_word' id='word_1_153' title='bbox 901 3301 1007 3365; x_wconf 88' lang='lat' dir='ltr'><strong>nuper</strong></span> <span class='ocrx_word' id='word_1_154' title='bbox 1028 3278 1206 3345; x_wconf 88' lang='lat' dir='ltr'><strong>defunctus</strong></span> <span class='ocrx_word' id='word_1_155' title='bbox 1237 3287 1331 3358; x_wconf 88' lang='lat' dir='ltr'><strong>esset,</strong></span> <span class='ocrx_word' id='word_1_156' title='bbox 1356 3287 1390 3346; x_wconf 88' lang='lat' dir='ltr'><strong>et</strong></span> <span class='ocrx_word' id='word_1_157' title='bbox 1417 3281 1523 3367; x_wconf 90' lang='lat' dir='ltr'><strong>qualis</strong></span> <span class='ocrx_word' id='word_1_158' title='bbox 1546 3283 1627 3348; x_wconf 78' lang='lat' dir='ltr'><strong>vitm</strong></span> 
     </span>
     <span class='ocr_line' id='line_1_22' title="bbox 575 3381 1628 3462; baseline 0.001 -16"><span class='ocrx_word' id='word_1_159' title='bbox 575 3387 653 3448; x_wconf 87' lang='lat' dir='ltr'><strong>ante</strong></span> <span class='ocrx_word' id='word_1_160' title='bbox 677 3382 806 3447; x_wconf 89' lang='lat' dir='ltr'><strong>obitum</strong></span> <span class='ocrx_word' id='word_1_161' title='bbox 821 3381 858 3444; x_wconf 93' lang='lat' dir='ltr'><strong>in</strong></span> <span class='ocrx_word' id='word_1_162' title='bbox 872 3381 981 3446; x_wconf 90' lang='lat' dir='ltr'><strong>seculo</strong></span> <span class='ocrx_word' id='word_1_163' title='bbox 996 3381 1171 3446; x_wconf 83' lang='lat' dir='ltr'><strong>extitisset.</strong></span> <span class='ocrx_word' id='word_1_164' title='bbox 1219 3381 1285 3462; x_wconf 81' lang='lat' dir='ltr'><strong>Qui</strong></span> <span class='ocrx_word' id='word_1_165' title='bbox 1308 3403 1421 3447; x_wconf 89' lang='lat' dir='ltr'><strong>omnes</strong></span> <span class='ocrx_word' id='word_1_166' title='bbox 1435 3382 1628 3448; x_wconf 83' lang='lat' dir='ltr'><strong>fatebantur·</strong></span> 
     </span>
     <span class='ocr_line' id='line_1_23' title="bbox 576 3482 1628 3571; baseline 0 -23"><span class='ocrx_word' id='word_1_167' title='bbox 576 3484 617 3549; x_wconf 90' lang='lat' dir='ltr'><strong>de</strong></span> <span class='ocrx_word' id='word_1_168' title='bbox 641 3506 688 3561; x_wconf 92' lang='lat' dir='ltr'><strong>eo,</strong></span> <span class='ocrx_word' id='word_1_169' title='bbox 711 3483 800 3568; x_wconf 89' lang='lat' dir='ltr'><strong>quod</strong></span> <span class='ocrx_word' id='word_1_170' title='bbox 832 3488 918 3548; x_wconf 89' lang='lat' dir='ltr'><strong>essct</strong></span> <span class='ocrx_word' id='word_1_171' title='bbox 940 3484 994 3547; x_wconf 88' lang='lat' dir='ltr'><strong>vir</strong></span> <span class='ocrx_word' id='word_1_172' title='bbox 1020 3482 1133 3567; x_wconf 88' lang='lat' dir='ltr'><strong>justus</strong></span> <span class='ocrx_word' id='word_1_173' title='bbox 1164 3507 1202 3549; x_wconf 84' lang='lat' dir='ltr'><strong>ae</strong></span> <span class='ocrx_word' id='word_1_174' title='bbox 1237 3485 1358 3549; x_wconf 90' lang='lat' dir='ltr'><strong>timens</strong></span> <span class='ocrx_word' id='word_1_175' title='bbox 1391 3485 1507 3563; x_wconf 91' lang='lat' dir='ltr'><strong>Deum,</strong></span> <span class='ocrx_word' id='word_1_176' title='bbox 1532 3491 1628 3571; x_wconf 86' lang='lat' dir='ltr'><strong>pater</strong></span> 
     </span>
     <span class='ocr_line' id='line_1_24' title="bbox 576 3585 1625 3673; baseline 0 -21"><span class='ocrx_word' id='word_1_177' title='bbox 576 3586 798 3673; x_wconf 87' lang='lat' dir='ltr'><strong>orphanorum</strong></span> <span class='ocrx_word' id='word_1_178' title='bbox 822 3590 856 3650; x_wconf 88' lang='lat' dir='ltr'><strong>et</strong></span> <span class='ocrx_word' id='word_1_179' title='bbox 886 3585 1067 3650; x_wconf 86' lang='lat' dir='ltr'><strong>consolatio</strong></span> <span class='ocrx_word' id='word_1_180' title='bbox 1100 3586 1305 3662; x_wconf 89' lang='lat' dir='ltr'><strong>miserorum,</strong></span> <span class='ocrx_word' id='word_1_181' title='bbox 1337 3593 1376 3652; x_wconf 94' lang='lat' dir='ltr'><strong>ut</strong></span> <span class='ocrx_word' id='word_1_182' title='bbox 1404 3587 1463 3672; x_wconf 89' lang='lat' dir='ltr'><strong>qui</strong></span> <span class='ocrx_word' id='word_1_183' title='bbox 1495 3609 1625 3653; x_wconf 89' lang='lat' dir='ltr'><strong>omnem</strong></span> 
     </span>
     <span class='ocr_line' id='line_1_25' title="bbox 575 3687 1626 3775; baseline 0 -23"><span class='ocrx_word' id='word_1_184' title='bbox 575 3688 796 3754; x_wconf 89' lang='lat' dir='ltr'><strong>substantiam</strong></span> <span class='ocrx_word' id='word_1_185' title='bbox 813 3687 884 3773; x_wconf 91' lang='lat' dir='ltr'><strong>ejus</strong></span> <span class='ocrx_word' id='word_1_186' title='bbox 899 3689 935 3752; x_wconf 91' lang='lat' dir='ltr'><strong>in</strong></span> <span class='ocrx_word' id='word_1_187' title='bbox 950 3688 1160 3775; x_wconf 86' lang='lat' dir='ltr'><strong>pauperibus,</strong></span> <span class='ocrx_word' id='word_1_188' title='bbox 1176 3689 1256 3752; x_wconf 89' lang='lat' dir='ltr'><strong>dum</strong></span> <span class='ocrx_word' id='word_1_189' title='bbox 1278 3689 1416 3765; x_wconf 87' lang='lat' dir='ltr'><strong>viveret,</strong></span> <span class='ocrx_word' id='word_1_190' title='bbox 1431 3694 1466 3753; x_wconf 90' lang='lat' dir='ltr'><strong>et</strong></span> <span class='ocrx_word' id='word_1_191' title='bbox 1488 3689 1626 3775; x_wconf 88' lang='lat' dir='ltr'><strong>hospiti-</strong></span> 
     </span>
     <span class='ocr_line' id='line_1_26' title="bbox 576 3789 1625 3878; baseline -0.001 -23"><span class='ocrx_word' id='word_1_192' title='bbox 576 3792 637 3856; x_wconf 90' lang='lat' dir='ltr'><strong>bus</strong></span> <span class='ocrx_word' id='word_1_193' title='bbox 659 3795 862 3878; x_wconf 77' lang='lat' dir='ltr'><strong>erogaverat.</strong></span> <span class='ocrx_word' id='word_1_194' title='bbox 907 3789 1027 3856; x_wconf 86' lang='lat' dir='ltr'><strong>Tenuit</strong></span> <span class='ocrx_word' id='word_1_195' title='bbox 1058 3793 1219 3877; x_wconf 83' lang='lat' dir='ltr'><strong>praeterea</strong></span> <span class='ocrx_word' id='word_1_196' title='bbox 1250 3789 1287 3854; x_wconf 92' lang='lat' dir='ltr'><strong>in</strong></span> <span class='ocrx_word' id='word_1_197' title='bbox 1320 3791 1417 3855; x_wconf 93' lang='lat' dir='ltr'><strong>domo</strong></span> <span class='ocrx_word' id='word_1_198' title='bbox 1440 3813 1500 3854; x_wconf 80' lang='lat' dir='ltr'><strong>sua·</strong></span> <span class='ocrx_word' id='word_1_199' title='bbox 1521 3812 1625 3855; x_wconf 91' lang='lat' dir='ltr'><strong>unum</strong></span> 
     </span>
     <span class='ocr_line' id='line_1_27' title="bbox 575 3889 1626 3979; baseline 0.001 -24"><span class='ocrx_word' id='word_1_200' title='bbox 575 3892 804 3979; x_wconf 89' lang='lat' dir='ltr'><strong>presbiterum,</strong></span> <span class='ocrx_word' id='word_1_201' title='bbox 828 3889 882 3956; x_wconf 90' lang='lat' dir='ltr'><strong>cui</strong></span> <span class='ocrx_word' id='word_1_202' title='bbox 904 3892 945 3957; x_wconf 90' lang='lat' dir='ltr'><strong>de</strong></span> <span class='ocrx_word' id='word_1_203' title='bbox 967 3893 1099 3978; x_wconf 90' lang='lat' dir='ltr'><strong>proprio</strong></span> <span class='ocrx_word' id='word_1_204' title='bbox 1123 3891 1234 3957; x_wconf 85' lang='lat' dir='ltr'><strong>omnia</strong></span> <span class='ocrx_word' id='word_1_205' title='bbox 1254 3892 1503 3958; x_wconf 86' lang='lat' dir='ltr'><strong>ministraverat</strong></span> <span class='ocrx_word' id='word_1_206' title='bbox 1518 3914 1626 3958; x_wconf 89' lang='lat' dir='ltr'><strong>neces-</strong></span> 
     </span>
     <span class='ocr_line' id='line_1_28' title="bbox 575 3993 1628 4079; baseline -0.001 -20"><span class='ocrx_word' id='word_1_207' title='bbox 575 3994 670 4074; x_wconf 83' lang='lat' dir='ltr'><strong>saria,</strong></span> <span class='ocrx_word' id='word_1_208' title='bbox 694 3994 752 4079; x_wconf 91' lang='lat' dir='ltr'><strong>qni</strong></span> <span class='ocrx_word' id='word_1_209' title='bbox 774 3993 1076 4060; x_wconf 84' lang='lat' dir='ltr'><strong>commendationes</strong></span> <span class='ocrx_word' id='word_1_210' title='bbox 1098 3994 1285 4060; x_wconf 87' lang='lat' dir='ltr'><strong>animarum</strong></span> <span class='ocrx_word' id='word_1_211' title='bbox 1307 3999 1342 4060; x_wconf 91' lang='lat' dir='ltr'><strong>et</strong></span> <span class='ocrx_word' id='word_1_212' title='bbox 1364 3994 1536 4060; x_wconf 87' lang='lat' dir='ltr'><strong>missamm</strong></span> <span class='ocrx_word' id='word_1_213' title='bbox 1559 3995 1628 4059; x_wconf 86' lang='lat' dir='ltr'><strong>suf-</strong></span> 
     </span>
     <span class='ocr_line' id='line_1_29' title="bbox 466 4095 1627 4184; baseline 0.007 -29"><span class='ocrx_word' id='word_1_214' title='bbox 466 4143 472 4155; x_wconf 88' lang='lat'><strong>.</strong></span> <span class='ocrx_word' id='word_1_215' title='bbox 575 4097 682 4184; x_wconf 84' lang='lat' dir='ltr'><strong>fragia</strong></span> <span class='ocrx_word' id='word_1_216' title='bbox 713 4095 832 4162; x_wconf 91' lang='lat' dir='ltr'><strong>diebus</strong></span> <span class='ocrx_word' id='word_1_217' title='bbox 862 4096 1002 4183; x_wconf 85' lang='lat' dir='ltr'><strong>singulis</strong></span> <span class='ocrx_word' id='word_1_218' title='bbox 1036 4119 1097 4183; x_wconf 87' lang='lat' dir='ltr'><strong>pro</strong></span> <span class='ocrx_word' id='word_1_219' title='bbox 1121 4096 1287 4162; x_wconf 84' lang='lat' dir='ltr'><strong>defunctis</strong></span> <span class='ocrx_word' id='word_1_220' title='bbox 1310 4096 1496 4162; x_wconf 71' lang='lat' dir='ltr'><strong>celebrarat„</strong></span> <span class='ocrx_word' id='word_1_221' title='bbox 1544 4096 1627 4163; x_wconf 70' lang='lat' dir='ltr'><strong>Haec</strong></span> 
     </span>
     <span class='ocr_line' id='line_1_30' title="bbox 576 4196 1627 4285; baseline 0.001 -23"><span class='ocrx_word' id='word_1_222' title='bbox 576 4204 689 4264; x_wconf 86' lang='lat' dir='ltr'><strong>autem</strong></span> <span class='ocrx_word' id='word_1_223' title='bbox 712 4219 786 4264; x_wconf 86' lang='lat' dir='ltr'><strong>eum</strong></span> <span class='ocrx_word' id='word_1_224' title='bbox 817 4197 964 4263; x_wconf 88' lang='lat' dir='ltr'><strong>audisset</strong></span> <span class='ocrx_word' id='word_1_225' title='bbox 994 4199 1172 4285; x_wconf 87' lang='lat' dir='ltr'><strong>episcopus,</strong></span> <span class='ocrx_word' id='word_1_226' title='bbox 1202 4198 1361 4265; x_wconf 89' lang='lat' dir='ltr'><strong>continuo</strong></span> <span class='ocrx_word' id='word_1_227' title='bbox 1393 4196 1562 4264; x_wconf 85' lang='lat' dir='ltr'><strong>intellexit</strong></span> <span class='ocrx_word' id='word_1_228' title='bbox 1590 4199 1627 4263; x_wconf 92' lang='lat' dir='ltr'><strong>in</strong></span> 
     </span>
     <span class='ocr_line' id='line_1_31' title="bbox 575 4300 1627 4388; baseline 0.001 -24"><span class='ocrx_word' id='word_1_229' title='bbox 575 4300 696 4388; x_wconf 81' lang='lat' dir='ltr'><strong>spiritu</strong></span> <span class='ocrx_word' id='word_1_230' title='bbox 717 4322 822 4380; x_wconf 87' lang='lat' dir='ltr'><strong>voces,</strong></span> <span class='ocrx_word' id='word_1_231' title='bbox 853 4322 935 4386; x_wconf 87' lang='lat' dir='ltr'><strong>quas</strong></span> <span class='ocrx_word' id='word_1_232' title='bbox 958 4300 1109 4366; x_wconf 90' lang='lat' dir='ltr'><strong>audierat</strong></span> <span class='ocrx_word' id='word_1_233' title='bbox 1131 4301 1172 4366; x_wconf 90' lang='lat' dir='ltr'><strong>de</strong></span> <span class='ocrx_word' id='word_1_234' title='bbox 1195 4300 1356 4366; x_wconf 89' lang='lat' dir='ltr'><strong>cimiterio</strong></span> <span class='ocrx_word' id='word_1_235' title='bbox 1378 4301 1520 4378; x_wconf 82' lang='lat' dir='ltr'><strong>emissus,</strong></span> <span class='ocrx_word' id='word_1_236' title='bbox 1542 4300 1627 4365; x_wconf 90' lang='lat' dir='ltr'><strong>nihil</strong></span> 
     </span>
     <span class='ocr_line' id='line_1_32' title="bbox 575 4403 1625 4489; baseline -0.001 -21"><span class='ocrx_word' id='word_1_237' title='bbox 575 4403 666 4469; x_wconf 87' lang='lat' dir='ltr'><strong>aliud</strong></span> <span class='ocrx_word' id='word_1_238' title='bbox 698 4424 767 4468; x_wconf 87' lang='lat' dir='ltr'><strong>esse</strong></span> <span class='ocrx_word' id='word_1_239' title='bbox 801 4424 900 4489; x_wconf 84' lang='lat' dir='ltr'><strong>quam</strong></span> <span class='ocrx_word' id='word_1_240' title='bbox 932 4424 1028 4468; x_wconf 87' lang='lat' dir='ltr'><strong>voces</strong></span> <span class='ocrx_word' id='word_1_241' title='bbox 1061 4403 1247 4468; x_wconf 87' lang='lat' dir='ltr'><strong>animarum</strong></span> <span class='ocrx_word' id='word_1_242' title='bbox 1278 4403 1410 4469; x_wconf 91' lang='lat' dir='ltr'><strong>illorum</strong></span> <span class='ocrx_word' id='word_1_243' title='bbox 1443 4424 1625 4488; x_wconf 86' lang='lat' dir='ltr'><strong>corporum,</strong></span> 
     </span>
     <span class='ocr_line' id='line_1_33' title="bbox 574 4504 1626 4592; baseline -0.003 -20"><span class='ocrx_word' id='word_1_244' title='bbox 574 4528 649 4592; x_wconf 87' lang='lat' dir='ltr'><strong>quse</strong></span> <span class='ocrx_word' id='word_1_245' title='bbox 682 4506 719 4570; x_wconf 91' lang='lat' dir='ltr'><strong>in</strong></span> <span class='ocrx_word' id='word_1_246' title='bbox 751 4504 808 4569; x_wconf 91' lang='lat' dir='ltr'><strong>illo</strong></span> <span class='ocrx_word' id='word_1_247' title='bbox 839 4504 1001 4569; x_wconf 89' lang='lat' dir='ltr'><strong>cimiterio</strong></span> <span class='ocrx_word' id='word_1_248' title='bbox 1036 4504 1259 4589; x_wconf 88' lang='lat' dir='ltr'><strong>quiescebant,</strong></span> <span class='ocrx_word' id='word_1_249' title='bbox 1298 4505 1550 4592; x_wconf 79' lang='lat' dir='ltr'><strong>plangentium⁵</strong></span> <span class='ocrx_word' id='word_1_250' title='bbox 1584 4505 1626 4570; x_wconf 89' lang='lat' dir='ltr'><strong>de</strong></span> 
     </span>
    </p>
   </div>
   <div class='ocr_carea' id='block_1_3' title="bbox 574 4705 1627 5168">
    <p class='ocr_par' dir='ltr' id='par_1_3' title="bbox 574 4705 1627 4926">
     <span class='ocr_line' id='line_1_34' title="bbox 609 4705 1627 4774; baseline 0.002 -18"><span class='ocrx_word' id='word_1_251' title='bbox 609 4707 770 4773; x_wconf 57' lang='lat' dir='ltr'><strong>&#39;episcopusfl</strong></span> <span class='ocrx_word' id='word_1_252' title='bbox 788 4707 917 4771; x_wconf 75' lang='lat' dir='ltr'><strong>Repented</strong></span> <span class='ocrx_word' id='word_1_253' title='bbox 929 4705 1004 4771; x_wconf 76' lang='lat' dir='ltr'><strong>again</strong></span> <span class='ocrx_word' id='word_1_254' title='bbox 1016 4707 1081 4757; x_wconf 77' lang='lat' dir='ltr'><strong>aster</strong></span> <span class='ocrx_word' id='word_1_255' title='bbox 1159 4707 1357 4774; x_wconf 48' lang='lat' dir='ltr'><strong>wiomadum]</strong></span> <span class='ocrx_word' id='word_1_256' title='bbox 1371 4707 1627 4760; x_wconf 76' lang='lat' dir='ltr'><strong>Thelastthrealet·</strong></span> 
     </span>
     <span class='ocr_line' id='line_1_35' title="bbox 575 4783 1625 4851; baseline -0.002 -13"><span class='ocrx_word' id='word_1_257' title='bbox 575 4789 713 4846; x_wconf 74' lang='lat' dir='ltr'><strong>sententias,</strong></span> <span class='ocrx_word' id='word_1_258' title='bbox 725 4786 770 4836; x_wconf 84' lang='lat' dir='ltr'><strong>but</strong></span> <span class='ocrx_word' id='word_1_259' title='bbox 777 4786 945 4836; x_wconf 83' lang='lat' dir='ltr'><strong>underscorcd</strong></span> <span class='ocrx_word' id='word_1_260' title='bbox 953 4783 993 4833; x_wconf 80' lang='lat' dir='ltr'><strong>for</strong></span> <span class='ocrx_word' id='word_1_261' title='bbox 1003 4785 1078 4835; x_wconf 84' lang='lat' dir='ltr'><strong>omis·</strong></span> <span class='ocrx_word' id='word_1_262' title='bbox 1125 4795 1175 4837; x_wconf 73' lang='lat' dir='ltr'><strong>tan</strong></span> <span class='ocrx_word' id='word_1_263' title='bbox 1194 4787 1226 4835; x_wconf 84' lang='lat' dir='ltr'><strong>of</strong></span> <span class='ocrx_word' id='word_1_264' title='bbox 1239 4787 1290 4838; x_wconf 79' lang='lat' dir='ltr'><strong>this</strong></span> <span class='ocrx_word' id='word_1_265' title='bbox 1301 4788 1372 4838; x_wconf 69' lang='lat' dir='ltr'><strong>word</strong></span> <span class='ocrx_word' id='word_1_266' title='bbox 1383 4789 1433 4837; x_wconf 83' lang='lat' dir='ltr'><strong>aud</strong></span> <span class='ocrx_word' id='word_1_267' title='bbox 1444 4787 1475 4836; x_wconf 76' lang='lat' dir='ltr'><strong>os</strong></span> <span class='ocrx_word' id='word_1_268' title='bbox 1485 4789 1625 4851; x_wconf 66' lang='lat' dir='ltr'><strong>maian</strong></span> 
     </span>
     <span class='ocr_line' id='line_1_36' title="bbox 574 4866 1624 4926; baseline 0 -10"><span class='ocrx_word' id='word_1_269' title='bbox 574 4867 637 4917; x_wconf 86' lang='lat' dir='ltr'><strong>sion.</strong></span> <span class='ocrx_word' id='word_1_270' title='bbox 1124 4880 1167 4916; x_wconf 79' lang='lat' dir='ltr'><strong>are</strong></span> <span class='ocrx_word' id='word_1_271' title='bbox 1176 4880 1250 4916; x_wconf 82' lang='lat' dir='ltr'><strong>onan</strong></span> <span class='ocrx_word' id='word_1_272' title='bbox 1265 4880 1375 4926; x_wconf 78' lang='lat' dir='ltr'><strong>erasure,</strong></span> <span class='ocrx_word' id='word_1_273' title='bbox 1382 4866 1433 4915; x_wconf 81' lang='lat' dir='ltr'><strong>aud</strong></span> <span class='ocrx_word' id='word_1_274' title='bbox 1441 4881 1475 4916; x_wconf 88' lang='lat' dir='ltr'><strong>uo</strong></span> <span class='ocrx_word' id='word_1_275' title='bbox 1487 4867 1567 4916; x_wconf 82' lang='lat' dir='ltr'><strong>doubt</strong></span> <span class='ocrx_word' id='word_1_276' title='bbox 1580 4866 1624 4916; x_wconf 85' lang='lat' dir='ltr'><strong>the</strong></span> 
     </span>
    </p>

    <p class='ocr_par' dir='ltr' id='par_1_4' title="bbox 607 4943 1625 5012">
     <span class='ocr_line' id='line_1_37' title="bbox 607 4943 1625 5012; baseline 0.001 -18"><span class='ocrx_word' id='word_1_277' title='bbox 607 4945 747 5011; x_wconf 71' lang='lat' dir='ltr'><strong>&#39;coquinu]</strong></span> <span class='ocrx_word' id='word_1_278' title='bbox 766 4945 902 5010; x_wconf 90' lang='lat' dir='ltr'><strong>quoquina,</strong></span> <span class='ocrx_word' id='word_1_279' title='bbox 913 4944 970 4995; x_wconf 88' lang='lat' dir='ltr'><strong>MS.</strong></span> <span class='ocrx_word' id='word_1_280' title='bbox 1124 4944 1388 5010; x_wconf 67' lang='lat' dir='ltr'><strong>textvuofiginrny</strong></span> <span class='ocrx_word' id='word_1_281' title='bbox 1399 4944 1500 4996; x_wconf 73' lang='lat' dir='ltr'><strong>written</strong></span> <span class='ocrx_word' id='word_1_282' title='bbox 1506 4943 1625 5012; x_wconf 61' lang='lat' dir='ltr'><strong>plusqu-</strong></span> 
     </span>
    </p>

    <p class='ocr_par' dir='ltr' id='par_1_5' title="bbox 607 5023 1612 5091">
     <span class='ocr_line' id='line_1_38' title="bbox 607 5023 1612 5091; baseline 0 -16"><span class='ocrx_word' id='word_1_283' title='bbox 607 5025 772 5091; x_wconf 51' lang='grc' dir='ltr'><strong>’φρίκη</strong></span> <span class='ocrx_word' id='word_1_284' title='bbox 790 5024 949 5090; x_wconf 83' lang='lat' dir='ltr'><strong>repperisset,</strong></span> <span class='ocrx_word' id='word_1_285' title='bbox 961 5024 1017 5077; x_wconf 79' lang='lat' dir='ltr'><strong>MS.</strong></span> <span class='ocrx_word' id='word_1_286' title='bbox 1123 5023 1430 5089; x_wconf 66' lang='lat' dir='ltr'><strong>mandqmnm,asin</strong></span> <span class='ocrx_word' id='word_1_287' title='bbox 1443 5025 1484 5077; x_wconf 89' lang='lat' dir='ltr'><strong>W.</strong></span> <span class='ocrx_word' id='word_1_288' title='bbox 1496 5024 1569 5079; x_wconf 60' lang='lat' dir='ltr'><strong>AC.</strong></span> <span class='ocrx_word' id='word_1_289' title='bbox 1578 5024 1612 5076; x_wconf 92' lang='lat' dir='ltr'><strong>D.</strong></span> 
     </span>
    </p>

    <p class='ocr_par' dir='ltr' id='par_1_6' title="bbox 608 5102 843 5168">
     <span class='ocr_line' id='line_1_39' title="bbox 608 5102 843 5168; baseline 0.004 -15"><span class='ocrx_word' id='word_1_290' title='bbox 608 5104 617 5134; x_wconf 80' lang='lat'>⁴</span> <span class='ocrx_word' id='word_1_291' title='bbox 628 5103 677 5168; x_wconf 73' lang='lat' dir='ltr'><strong>ese]</strong></span> <span class='ocrx_word' id='word_1_292' title='bbox 697 5102 843 5154; x_wconf 78' lang='lat' dir='ltr'><strong>Interlinod.</strong></span> 
     </span>
    </p>
   </div>
   <div class='ocr_carea' id='block_1_4' title="bbox 0 0 2226 6389">
    <p class='ocr_par' dir='ltr' id='par_1_7' title="bbox 0 0 2226 6389">
     <span class='ocr_line' id='line_1_40' title="bbox 0 0 2226 6389; baseline 0 0"><span class='ocrx_word' id='word_1_293' title='bbox 0 0 2226 6389; x_wconf 95' lang='lat' dir='ltr'><strong> </strong></span> 
     </span>
    </p>
   </div>
  </div>
 </body>
</html>
