4442 6392
626 1158 690 1224 202
746 1173 913 1226 smmum
936 1173 1148 1227 ramsrsrsm
1172 1175 1336 1228 msroms
1358 1178 1571 1230 suonosmr.

455 1393 523 1445 ΑΙ).
539 1401 610 1448 nos.
906 1385 1046 1454 Recita
1071 1410 1130 1455 rea
1153 1387 1194 1455 ia
1217 1387 1397 1475 Aetoliam.

454 1549 511 1600 The
522 1549 586 1616 king
667 1533 857 1621 Eodemque
872 1558 958 1602 anno
974 1559 1033 1602 rex
1049 1536 1223 1615 Henrieus,
1237 1537 1405 1625 dispositis
1419 1537 1456 1601 in
1472 1537 1847 1630 N01·manniaRog.Wend.

454 1624 592 1750 ffiffif
622 1638 719 1704 rebus
742 1640 939 1721 necessariis,
962 1640 1004 1705 ad
1028 1641 1186 1728 Angliam
1218 1646 1293 1728 post
1326 1641 1434 1706 multa
1464 1641 1560 1707 fratri
1582 1642 1678 1707 illata
1722 1621 1749 1670 ἡ·
1764 1627 1818 1673 ¹⁸¹·

622 1741 767 1828 dampna
789 1744 964 1809 remeando
985 1743 1225 1821 transfretavit,
1241 1748 1289 1823 ut,
1306 1743 1535 1830 multiplicatis
1549 1744 1695 1814 viribus.

621 1850 656 1911 et
679 1845 840 1912 thesauris
864 1847 1070 1927 coacervatis,
1093 1846 1209 1913 fortior
1238 1870 1277 1912 ae
1308 1845 1547 1914 formidabilior
1569 1871 1694 1919 reson.

620 1947 736 2036 geret²
758 1948 795 2014 in
817 1949 960 2016 rebelles.

620 2236 694 2305 Rea
709 2235 887 2303 Hearicus
901 2235 1053 2322 fratrem
1074 2255 1180 2301 suana
1201 2233 1394 2314 Robertuut,
1411 2242 1440 2302 et
1462 2232 1678 2303 Wittelatum,

710 2339 866 2407 comitem
897 2337 1109 2417 Musaeum?
1141 2344 1171 2404 et
1201 2337 1329 2406 sreultos
1363 2337 1473 2405 ‹etios⁴
1506 2337 1569 2404 sut
1591 2340 1677 2426 fecta

706 2465 789 2531 poce
811 2441 966 2530 suscepit.

452 2611 518 2665 Aa).
535 2619 605 2664 1106.
664 2598 764 2662 Anno
788 2594 926 2662 Domini
955 2608 1110 2662 M⁰.c⁰.vt⁰.
1142 2593 1211 2659 dux
1234 2593 1269 2659 N
1271 2588 1505 2661 ermannorum
1529 2595 1674 2663 sentiens
1687 2613 1846 2678 Regnent.

452 2701 586 2754 Inter-view
619 2723 652 2766 se
675 2700 811 2765 minime
833 2720 927 2786 posse
948 2698 1147 2764 contendere
1162 2721 1183 2762 a
1197 2699 1269 2784 pari
1285 2704 1400 2764 contra
1414 2721 1525 2786 regem
1539 2701 1674 2766 fratrem
1688 2760 1694 2772 ,
1720 2682 1747 2733 ᾗ·
1763 2690 1817 2736 ¹⁸¹‘

450 2770 557 2886 {iffi
620 2802 740 2884 suum,⁶
763 2803 857 2867 venit
890 2801 952 2865 sub
987 2823 1064 2886 pace
1095 2800 1204 2887 petita
1235 2801 1272 2865 in
1296 2801 1453 2889 Angliam
1483 2802 1520 2866 in
1541 2809 1692 2885 secreto„

452 2901 567 3018 githhhis
620 2929 693 2972 cum
724 2904 922 2969 humilitate.
970 2903 1015 2969 Et
1037 2905 1127 2990 apud
1158 2902 1423 2970 Norhamtonam
1453 2906 1609 2972 accedens
1631 2908 1674 2972 ad

469 2976 509 3018 τοι
527 2984 577 3024 ⁰¹*
619 3030 737 3094 regem,
761 3012 956 3085 reverenter,
979 3011 1018 3071 ut
1040 3007 1203 3093 apparuit,
1219 3014 1369 3094 receptus
1392 3015 1451 3087 est,
1467 3011 1525 3074 sed
1543 3032 1620 3090 non,
1636 3016 1692 3077 ut·

620 3110 740 3190 decuit,
763 3110 861 3175 vultu
894 3114 963 3174 tam
986 3130 1099 3175 sereno
1132 3114 1166 3175 et
1199 3132 1290 3176 more
1320 3111 1475 3188 fraterno,
1498 3118 1558 3177 aut
1580 3113 1694 3179 corde·

619 3214 751 3280 sincero.
798 3211 880 3277 Dux
902 3212 1014 3298 itaque
1044 3205 1152 3298 primo
1178 3213 1396 3279 amicabiliter
1421 3214 1613 3301 postulavit,
1637 3221 1694 3281 ut·

620 3317 683 3381 sibi
694 3316 807 3381 ablata
821 3337 948 3382 necnon
963 3321 997 3380 et
1012 3320 1144 3381 retenta
1159 3315 1307 3382 fraterna
1321 3317 1512 3382 restitueret
1527 3319 1675 3397 caritate,
1687 3360 1694 3376 ·

619 3419 792 3505 ipsumque
811 3441 921 3506 regem
943 3419 979 3482 in
994 3419 1153 3484 sermonis
1167 3418 1299 3498 careum,
1316 3419 1463 3485 levitatis
1479 3426 1514 3486 et
1535 3421 1695 3487 infideli--

620 3522 701 3587 tatis
724 3523 872 3610 graviter
894 3522 1063 3610 redarguit
1075 3547 1083 3603 ;
1116 3521 1204 3586 unde
1236 3543 1347 3608 regem
1377 3545 1446 3588 non
1468 3524 1694 3591 mediocriter·

620 3627 835 3713 exasperavit.
882 3626 927 3691 Et
949 3626 995 3690 sic
1025 3625 1068 3690 ab
1094 3625 1237 3691 invicem
1259 3647 1335 3691 cum
1365 3626 1486 3692 minaei
1508 3650 1694 3695 murmure·

619 3735 829 3809 recesserunt,
844 3751 904 3796 nec
919 3729 1083 3795 consensit
1099 3727 1215 3794 Deus⁰
1229 3751 1343 3795 eorum
1359 3730 1547 3798 concordiae.
1594 3732 1694 3797 Dux·

618 3835 724 3921 igitur
753 3835 859 3899 iratus
890 3834 987 3898 valde
1021 3834 1057 3897 in
1095 3832 1345 3913 Normanniam,
1379 3855 1456 3922 rege
1486 3857 1600 3901 averso
1637 3858 1694 3901 ac·

619 3938 857 4018 dissimulante,
889 3937 1058 4003 remeavit.
1105 3936 1180 4002 Rex
1214 3936 1379 4022 siquidem
1417 3937 1565 4003 sentiens
1602 3960 1696 4003 con·-

619 4041 790 4106 scientiam
829 4062 931 4119 suam,
967 4045 1008 4105 nt
1044 4044 1185 4126 optentu
1219 4041 1313 4126 regni
1351 4045 1387 4106 et
1424 4040 1498 4106 aliis
1535 4040 1696 4107 multis⁷.

619 4143 838 4232 primogenito
869 4145 967 4209 fratri
990 4165 1049 4209 suo
1071 4142 1175 4208 illatis
1205 4141 1345 4228 injuriis,
1368 4144 1594 4222 cauteriatam,
1626 4145 1695 4209 in··

620 4248 826 4335 surgentium
849 4247 994 4333 impetus
1016 4250 1051 4311 et
1074 4235 1238 4332 praecipue
1258 4245 1444 4332 Anglorum
1462 4248 1563 4335 eoepit
1578 4246 1698 4313 veho·

568 4363 571 4369 '
619 4357 748 4419 menter
777 4347 978 4430 formidare,⁸
1015 4348 1198 4436 praesertim
1234 4371 1309 4414 cum
1347 4349 1434 4437 leges
1465 4349 1607 4438 optimas
1641 4355 1693 4416 et·

619 4455 878 4532 consuetudines,
902 4475 983 4541 quas
1014 4474 1073 4539 per
1103 4456 1228 4517 cartam
1258 4474 1351 4519 suam
1378 4458 1413 4518 et
1446 4454 1698 4541 promissiones·

619 4558 816 4625 certissimus
838 4555 1005 4645 pollicitus
1020 4561 1103 4637 erat,
1126 4555 1235 4641 tepide
1259 4556 1472 4637 observasset,
1495 4557 1597 4622 immo
1619 4578 1693 4643 po·-

654 4757 774 4823 mutae]
794 4758 878 4819 Redit,
891 4758 947 4807 MS.
1169 4757 1213 4805 but
1226 4757 1290 4820 cepit
1313 4756 1480 4806 uudersccred
1499 4764 1525 4805 to
1547 4757 1578 4806 be
1602 4757 1675 4806 omit-

1169 4837 1304 4980 fflisuum]
1326 4914 1417 4966 Added
1426 4917 1453 4965 in
1462 4931 1540 4982 marg.

1202 4998 1212 5025 ⁶
1224 4994 1309 5059 Deus]
1329 4994 1421 5046 Added
1433 4997 1460 5045 iu
1471 5012 1549 5060 marg.

654 4862 822 4928 2νεειινςενιτι]
860 4863 898 4912 At
933 4862 988 4912 first
1023 4860 1121 4911 written

620 4950 736 5008 resuryet.

652 5050 814 5112 ’Memlmt
828 5049 884 5102 ΜΒ·
1204 5077 1212 5102 ⁷
1224 5073 1319 5139 mattis]
1339 5075 1380 5125 On
1393 5090 1425 5124 an
1437 5090 1545 5126 erasure.

653 5162 661 5191 ⁴
673 5158 748 5225 ulios]
760 5158 872 5212 Written
882 5156 968 5209 atfirst
980 5152 1042 5206 ulios
1053 5155 1125 5221 cepit,
1203 5156 1214 5183 ⁸
1218 5153 1371 5220 formidare]
1390 5154 1482 5205 Added
1493 5154 1521 5205 iu
1532 5170 1612 5221 marg.
