4442 6392
408 4091 434 4145 ir.
446 4097 504 4144 ³02.

678 1173 724 1220 na
744 1173 905 1222 rauroan
930 1173 1030 1224 nnsis
1052 1175 1209 1240 saunier,
1233 1177 1300 1228 vm.
1323 1178 1482 1228 saeuum.
1538 1166 1603 1230 325

551 1344 592 1410 ds
627 1345 723 1412 feodo
756 1347 814 1412 illo
849 1348 991 1413 eundern
1024 1350 1214 1437 episcopum
1245 1352 1300 1417 vel
1338 1351 1505 1431 baronem,
1538 1354 1685 1419 eritho.
1699 1347 1771 1424 11⁶4.

549 1446 708 1534 placitum
731 1447 767 1513 in
790 1449 882 1514 curia
904 1450 1015 1536 ipsius,
1040 1452 1090 1517 ita
1112 1452 1203 1538 quod
1234 1458 1372 1541 propter
1397 1453 1521 1520 factam
1552 1477 1603 1520 re-

548 1550 770 1637 cognitionem
808 1550 965 1616 saisinam
995 1575 1063 1618 non
1098 1555 1244 1633 amittat,
1277 1555 1334 1641 qui
1368 1556 1460 1642 prius
1493 1556 1602 1623 fuerat

547 1651 687 1717 saisitus

593 1753 659 1834 Qui
681 1755 722 1820 de
745 1755 891 1834 civitate,
908 1757 962 1822 vel
984 1758 1128 1838 castello,
1152 1759 1205 1824 vel
1228 1758 1344 1846 burge,
1368 1759 1421 1826 vel
1437 1760 1601 1827 dominico
1644 1768 1730 1836 H⁰[⁶]

547 1857 695 1922 manerio
718 1858 804 1944 regis
835 1857 946 1938 fuerit,
977 1858 1006 1923 si
1037 1859 1080 1924 ab
1111 1860 1342 1926 archidiacono
1364 1862 1419 1927 vel
1449 1862 1599 1951 episeopo
1611 1835 1728 1954 „affl

546 1980 646 2046 super
666 1958 778 2046 aliquo
803 1958 926 2026 delicto
949 1960 1072 2027 citatus
1093 1961 1205 2040 fuerit,
1223 1963 1313 2029 unde
1337 1963 1457 2030 debeat
1479 1967 1527 2031 eis
1548 1989 1599 2032 re-

548 2061 718 2148 spondere,
740 2067 775 2128 et
797 2063 840 2127 ad
872 2062 1048 2130 citationes
1076 2085 1192 2130 eorum
1223 2066 1371 2132 noluerit
1403 2067 1599 2150 satisfacere,

547 2164 630 2230 bena
653 2163 733 2230 licet
755 2164 803 2230 eis
826 2164 888 2231 suh
913 2164 1093 2232 interdicto
1120 2189 1241 2255 ponere
1268 2189 1353 2247 eum,
1376 2168 1434 2234 sed
1455 2191 1523 2236 non
1545 2171 1600 2238 de·

547 2267 627 2331 bent
650 2288 726 2333 eum
749 2267 1033 2334 excommunicare
1059 2268 1251 2357 priusquam
1275 2270 1427 2357 capitalis
1449 2272 1601 2339 minister

546 2368 633 2456 regis
654 2369 744 2436 villos
767 2368 857 2435 illius
880 2371 1107 2448 conveniatur,
1123 2378 1163 2437 ut
1180 2372 1332 2457 justiciet
1355 2394 1430 2438 eum
1446 2373 1489 2439 ad
1504 2375 1600 2441 satis-

545 2471 722 2539 factionem
745 2473 878 2554 venire3
901 2479 935 2539 et
966 2474 995 2538 si
1026 2473 1180 2540 minister
1208 2475 1297 2562 regis
1325 2474 1403 2540 inde
1436 2475 1600 2559 defecerit,

546 2574 612 2641 erit
633 2575 671 2640 in
692 2575 918 2642 misericordia
940 2576 1036 2663 regis,
1065 2582 1099 2641 et
1131 2577 1252 2643 exinde
1283 2577 1408 2664 poterit
1430 2578 1599 2666 episcopus

545 2677 654 2762 ipsum
688 2683 879 2744 accusatum
913 2678 1131 2745 ecclesiastica
1163 2679 1301 2765 justitia
1338 2679 1511 2746 cohibere¹
1544 2682 1599 2748 vel

545 2778 713 2845 coercere?

590 2882 849 2970 Archiepiseopi,
873 2883 1028 2971 episcopi,
1059 2890 1094 2950 ct
1127 2882 1291 2950 universae
1322 2905 1473 2971 personae
1495 2885 1597 2974 regni,
1611 2888 1761 2968 *HM*

545 2983 603 3070 qui
627 2986 668 3050 de
689 3007 766 3072 rege
788 2990 907 3051 tenent
929 2985 965 3049 in
980 2986 1098 3072 capite,
1114 2986 1261 3052 habeant
1283 2988 1504 3074 possessiones
1523 3010 1599 3054 suus
1611 2963 1684 3008 ’Μ

545 3088 585 3153 de
607 3109 684 3175 rego
706 3088 792 3153 sicut
814 3087 996 3169 baroniam,
1013 3089 1141 3154 atinde
1163 3089 1385 3176 respondeant
1401 3089 1599 3176 justiciariis

544 3195 579 3290 et
601 3190 763 3255 ministris
785 3190 882 3277 regis,
917 3193 952 3255 et
976 3195 1160 3277 sequantur
1181 3196 1216 3256 et
1237 3189 1362 3256 faciant
1386 3213 1500 3258 omncs
1522 3215 1598 3259 con-

544 3293 735 3358 suetudines
774 3293 908 3379 regias;
946 3299 997 3370 et,
1029 3293 1117 3358 sicut
1150 3293 1252 3358 ceteri
1289 3292 1439 3371 barones,
1475 3294 1601 3361 debent

544 3393 701 3460 interesse
720 3394 856 3479 judiciis
879 3394 979 3460 curiae
1012 3395 1114 3480 regiae
1145 3416 1220 3460 cum
1255 3395 1446 3474 baronibus,
1479 3418 1598 3483 quous-

543 3519 605 3582 que
644 3495 859 3583 perveniatur
907 3498 950 3562 ad
987 3496 1242 3562 diminutionem
1282 3497 1504 3562 membrorum
1543 3499 1599 3564 vel

544 3601 691 3663 mortem.

589 3700 674 3766 Cum
697 3699 866 3766 vacaverit
897 3700 1205 3788 archiepiscopatus,
1228 3700 1282 3765 vel
1304 3700 1518 3787 episcopatus,
1540 3700 1695 3818 velffoc

544 3802 687 3881 abbatia,
711 3802 765 3867 vel
788 3803 956 3890 prioratus
977 3802 1014 3866 in
1037 3801 1186 3867 dominio
1208 3801 1304 3890 regis,
1328 3800 1428 3868 debet
1459 3825 1528 3868 esse
1557 3802 1595 3867 in
1608 3768 1723 3886 „2:1⁹

544 3928 646 3971 manu
669 3905 782 3992 ipsius,
806 3909 840 3970 et
862 3903 941 3969 inde
962 3904 1122 3992 percipiet
1137 3925 1251 3971 omnes
1264 3904 1414 3970 redditus
1428 3910 1464 3970 et
1477 3905 1597 3984 exitus,

374 4008 629 4103 Ropwenusiout
651 4006 833 4074 dominicos
855 4005 1005 4073 redditus
1028 4028 1113 4073 suos.
1168 4007 1311 4072 Etcum
1334 4012 1472 4073 ventum
1494 4006 1597 4073 fuerit

544 4110 588 4175 ad
609 4110 844 4176 consulendum
867 4109 1044 4189 ecclesiam,
1068 4108 1168 4174 dohet
1190 4131 1250 4174 rex
1273 4109 1430 4174 mandare
1452 4108 1597 4196 potiores

543 4234 698 4299 personas
720 4212 872 4291 ecclesiae,
903 4217 938 4277 et
961 4212 996 4276 in
1020 4211 1145 4299 capella
1168 4212 1271 4299 ipsius
1294 4212 1379 4298 regis
1402 4210 1503 4277 debet
1524 4211 1596 4277 fieri

542 4316 669 4394 electio,
702 4336 838 4380 assensu
881 4314 984 4401 ipsius
1018 4313 1104 4401 ragis
1143 4319 1178 4379 et
1214 4313 1349 4379 consilio
1382 4334 1595 4399 personarum

542 4417 646 4506 regni,
669 4439 752 4504 quas
774 4417 901 4483 adhoc
924 4416 1109 4483 faciendum
1133 4414 1373 4497 advocaverit3
1404 4419 1440 4480 et
1468 4415 1594 4481 ibidem

543 4519 643 4587 faciet
664 4520 788 4586 electus
810 4518 1002 4606 homagium
1027 4523 1062 4584 et
1084 4517 1282 4583 fidelitatem
1302 4516 1381 4603 regi,
1405 4517 1492 4584 sicut
1513 4515 1594 4603 ligio

542 4623 674 4689 dominc
705 4643 772 4700 suo,
806 4620 847 4686 de
878 4622 952 4686 vita
984 4643 1045 4686 sua
1077 4626 1112 4686 et
1144 4620 1299 4686 membris
1333 4624 1368 4684 et
1399 4618 1439 4684 de
1471 4620 1594 4686 honore

542 4730 682 4804 terreno,
705 4723 798 4790 salvo
821 4723 936 4789 ordine
959 4744 1027 4801 suo,
1049 4723 1245 4810 priusquam
1267 4728 1481 4787 consecretur.

578 5000 718 5068 Ιοοήἱόινι]
737 5001 862 5063 ehoibere,
874 4999 931 5054 MS.
1069 5000 1074 5067 Ι
1131 4999 1271 5065 ²coercere]
1290 4998 1432 5061 choercere,
1443 4998 1503 5051 MS.
