4442 6392
594 1187 599 1193 ‘
632 1175 696 1237 198
761 1186 928 1236 aramum
952 1183 1166 1236 ranismnsis
1188 1187 1351 1236 nicroam
1373 1156 1573 1239 maeoseu.

464 1376 758 1428 A.1).11ol.sumnro
783 1363 926 1428 diluculo
949 1368 1093 1428 castrum
1109 1363 1251 1428 debeant
1267 1363 1422 1429 obsidere.
1469 1364 1681 1448 Tandemque

631 1489 779 1554 egressus
801 1488 860 1533 rex
882 1489 957 1533 cum
980 1467 1099 1554 paucis,
1123 1467 1265 1533 amicum
1287 1489 1434 1553 sequens,
1457 1469 1501 1534 ad
1524 1471 1683 1534 montana

631 1569 828 1636 conscendit.
875 1572 923 1635 At
945 1570 1000 1635 vir
1014 1569 1135 1635 nobilis
1149 1569 1205 1635 1116
1227 1570 1270 1635 ab
1293 1592 1330 1634 eo
1354 1570 1549 1657 digrediens,
1567 1593 1682 1657 oppor-

464 1691 611 1745 Hearriva
630 1678 752 1738 tunum
774 1673 845 1760 regi
867 1673 924 1761 qui
958 1679 1105 1761 tempore
1138 1694 1281 1760 congruo
1304 1674 1457 1760 promisit
1479 1674 1682 1760 obsequium,

464 1760 582 1879 “gg-³³
630 1776 677 1841 sic
700 1776 797 1841 dictis
829 1775 918 1841 t'acta
951 1776 1185 1864 compensavit.
1233 1776 1306 1841 Rex
1331 1798 1412 1842 vero
1435 1777 1564 1842 duobus
1586 1776 1701 1842 sociis·

466 1827 491 1877 A
630 1877 814 1956 comitatus,
839 1901 898 1966 per
930 1878 1056 1945 medias
1089 1879 1239 1944 hostium
1271 1878 1409 1944 insidias
1441 1879 1546 1944 Assur
1579 1901 1683 1966 usque

629 1980 789 2070 pervenit,
811 1982 871 2047 ubi
892 2005 913 2047 a
934 1982 1002 2048 suis
1024 1983 1209 2070 gaudenter
1230 1987 1387 2069 exceptus
1409 1987 1469 2064 est,
1491 1988 1526 2048 et
1551 1988 1684 2070 sumpto

465 2093 617 2156 Capaneos
630 2085 753 2153 cibario
768 2083 978 2152 confortatus.
1026 2085 1150 2151 Hostes
1165 2090 1277 2151 autem
1292 2085 1328 2150 in
1349 2087 1492 2152 crastino
1509 2085 1684 2150 Romulum

463 2160 608 2278 {iffibb}
630 2189 836 2265 obsederunt,
859 2211 959 2275 quam
986 2188 1151 2254 violenter
1173 2188 1398 2274 subjugantes,
1422 2188 1544 2268 fideles,
1568 2188 1684 2274 quiin

629 2292 782 2383 prasidio
805 2298 910 2372 erant,
933 2293 1057 2380 partim
1080 2292 1152 2359 neci
1176 2293 1300 2380 partim
1330 2298 1498 2380 perpetuae
1527 2291 1682 2358 servituti

629 2396 855 2466 subdiderunt.

852 2621 1042 2691 Successus
1064 2620 1206 2690 aduenit
1230 2620 1451 2710 tempestivus.

462 2782 585 2851 Hughde
674 2764 776 2832 Venit
805 2765 934 2830 interea
964 2763 1064 2852 Hugo
1096 2765 1136 2830 de
1167 2744 1291 2830 Sancto
1314 2765 1512 2841 Audemar0,
1538 2765 1591 2830 cui
1621 2788 1681 2832 rex

458 2855 591 2982 ffiffle'
629 2870 764 2937 dederat
786 2869 903 2934 urbem
935 2867 1225 2954 Tyberiadensem,
1249 2867 1337 2955 apud
1369 2854 1474 2934 Assur
1496 2867 1539 2932 ad
1561 2891 1682 2956 regem,
1695 2889 1853 2967 Rogu'ens,

462 2986 544 3052 king:
628 2995 703 3039 cum
726 2972 893 3059 equitibus
923 2971 1102 3058 octoginta.
1149 2971 1298 3052 Quorum
1328 2994 1388 3037 rex
1420 2971 1524 3038 fretus
1547 2971 1682 3048 arixilio,
1727 2957 1755 3007 ᾖ·
1771 2961 1826 3009 ¹⁷⁸·

628 3075 806 3163 assumptis
860 3096 968 3140 secum
1013 3071 1164 3140 civibus¹
1212 3074 1337 3162 Jopitis
1390 3097 1466 3142 cum
1513 3075 1683 3162 equitibus

628 3179 820 3266 nonaginta,
852 3177 889 3242 in
922 3198 1013 3265 spem
1045 3177 1168 3243 bonam
1197 3183 1326 3244 erectus
1355 3177 1501 3245 decrevit
1532 3178 1683 3243 hostibus

628 3303 800 3359 occurrere,
824 3286 859 3346 61
882 3280 1020 3366 injurias
1043 3281 1090 3347 eis
1112 3280 1284 3365 refundere
1315 3303 1389 3347 cum
1412 3282 1529 3347 usuris.
1575 3281 1683 3347 Erant

461 3402 593 3455 Defeatof
627 3391 738 3451 autem
762 3407 863 3472 prope
885 3383 978 3470 quasi
1001 3384 1044 3448 ad
1067 3383 1135 3449 tria
1165 3383 1315 3450 miliaria
1362 3384 1408 3450 Et
1430 3406 1502 3450 ecce
1525 3406 1586 3449 rex
1608 3407 1682 3449 cum

460 3471 606 3525 mm&
627 3488 704 3566 suis,
728 3487 837 3553 infirsa
868 3486 908 3552 de
939 3486 1089 3574 supernis
1113 3487 1239 3553 virtute
1262 3493 1297 3553 61
1320 3487 1437 3552 divina
1466 3488 1576 3574 gratia
1598 3509 1682 3574 pue·

627 3596 734 3669 eunte,
757 3591 794 3655 in
823 3589 934 3654 hostes
964 3595 1118 3676 potenter
1148 3590 1284 3667 irruens,
1315 3611 1428 3655 eorum
1459 3589 1593 3677 agmina
1615 3590 1681 3655 dis-

627 3694 759 3782 sipavit,
782 3698 826 3770 et,
849 3691 1031 3758 interfectis
1054 3714 1098 3758 ex
1128 3692 1176 3758 eis
1206 3715 1274 3759 non
1303 3693 1424 3780 paucis,
1449 3698 1572 3758 ceteros
1595 3716 1681 3758 com-

625 3797 714 3885 pulit
736 3797 848 3885 fugam
877 3795 969 3862 inire.
1016 3795 1148 3861 Deinde
1178 3795 1214 3861 in
1244 3803 1353 3863 castra
1382 3795 1528 3863 hostium
1558 3797 1681 3862 revomi

626 3899 748 3982 fideles,
772 3898 876 3986 spolia
906 3920 981 3964 cum
1011 3898 1123 3978 asinis,
1153 3898 1293 3978 camelis,
1324 3899 1556 3987 papilionibus,
1587 3904 1681 3965 uten-

626 4005 742 4071 silibus
773 4009 808 4069 et
839 4002 1072 4068 alimentorum
1104 4002 1207 4089 copiis
1239 4000 1439 4090 colligentes,
1461 4020 1521 4090 per
1553 4024 1681 4069 menses

626 4107 682 4173 vii
714 4105 863 4171 imbelles
901 4105 1007 4190 quieti
1045 4106 1262 4172 indulserunt.
1309 4103 1500 4192 Eodemque
1532 4111 1681 4194 tempore

460 4223 569 4289 capture
581 4224 613 4273 of
626 4209 788 4295 dominus·
810 4208 996 4274 Tancredus
1027 4209 1235 4296 Appamiam,
1277 4207 1473 4275 Coelessiriae
1503 4215 1679 4296 metropo-

457 4293 614 4408 2¹3³}ssssOE
626 4311 694 4391 lim,
717 4312 847 4378 obsedit
869 4314 904 4376 et
926 4311 1021 4398 cepit.
1066 4311 1148 4378 Inde
1176 4311 1367 4377 Laodiciam
1385 4311 1563 4389 transiens,
1586 4312 1677 4376 illam

458 4425 548 4490 oeaby
627 4417 750 4505 recepit
786 4416 823 4482 in
854 4435 956 4481 suam.
1002 4414 1078 4480 Hiis
1117 4419 1228 4480 autem
1265 4414 1404 4480 urbibus
1438 4414 1548 4501 ampla
1579 4414 1679 4480 nimis

458 4491 581 4542 Tenues.
627 4542 703 4589 cum
726 4519 854 4607 oppidis
885 4523 920 4585 61
949 4517 1149 4584 suburbanis
1180 4518 1294 4584 multis
1328 4515 1520 4584 territoria²
1551 4517 1679 4602 adjace-

459 4634 601 4714 Boamund,
627 4626 718 4691 bant.
774 4622 898 4690 Eodem
937 4622 1039 4687 etiam
1076 4608 1224 4708 tempora
1264 4621 1416 4686 dominus
1455 4620 1677 4697 BoamunduS,

459 4704 586 4820 fflcssf
590 4770 615 4820 is
627 4728 909 4794 Antiochenorum
939 4725 1097 4813 princeps,
1129 4730 1205 4812 post
1235 4747 1339 4791 annos
1365 4725 1450 4790 iiiior.
1475 4747 1543 4790 suae
1575 4725 1679 4812 calati-

457 4808 597 4889 mnsomei.
628 4831 707 4909 onis,
732 4830 837 4917 pretio
868 4829 1111 4895 interveniente
1141 4828 1340 4916 redemptus,
1365 4825 1580 4894 Antiochiam
1603 4848 1678 4894 cum

626 4934 748 5023 gaudio
771 4937 821 4997 est
843 4953 1000 4998 reversus.

659 5150 785 5219 ¹cicitua]
805 5152 846 5205 On
857 5165 890 5204 an
901 5161 1007 5204 6166616.
1149 5152 1155 5213 Ι
1209 5148 1367 5215 ²tcrritoriu]
1386 5148 1506 5214 teritorio,
1517 5151 1572 5203 MS.
