4442 6392
615 1168 662 1216 os
683 1167 844 1218 rmrroas
865 1167 1155 1217 consumimur
1178 1166 1533 1229 sncurn1,vrz.nor1.
1557 1152 1600 1215 93

548 1333 591 1398 ad
614 1339 720 1400 castra
741 1338 951 1412 revertentes,
976 1355 1058 1399 cum·
1073 1333 1174 1419 equis,
1198 1333 1305 1411 mulie,
1328 1332 1470 1411 camelis,
1492 1332 1683 1409 niniam·
1697 1337 1769 1384 ¹⁰⁹⁷·

549 1435 708 1502 armentis
731 1441 766 1502 et
789 1436 912 1523 spoliis,
927 1458 1002 1522 quae
1017 1440 1260 1514 contraxeram,
1277 1457 1371 1522 agros
1394 1434 1604 1522 repleverunt

549 1539 804 1625 circumpositos,
828 1544 863 1605 et
885 1538 1057 1626 principes,
1071 1540 1109 1603 in
1123 1538 1233 1604 victus
1247 1538 1386 1625 penuria
1405 1538 1601 1616 laborantes,

549 1642 710 1706 immensa
754 1640 874 1707 loetitia
918 1641 1142 1728 perfuderunt.
1202 1640 1269 1706 Sed
1306 1639 1462 1726 quoniam
1498 1646 1604 1706 tantae

546 1724 760 1808 ¹multitudini
782 1744 843 1808 vix
864 1765 923 1830 per
946 1743 1015 1808 dies
1037 1743 1177 1831 paucos¹
1202 1743 1361 1830 praedicta
1383 1742 1461 1808 licet
1482 1764 1603 1829 magna

551 1846 664 1932 praeda
685 1844 829 1911 sufficere
860 1845 979 1932 potuit,
1003 1846 1181 1932 praevaluit
1210 1847 1247 1910 in
1275 1845 1369 1910 brevi
1398 1845 1479 1910 adeo
1500 1845 1744 1911 famosisimus

381 1947 589 2042 Rog3wendin
611 1949 742 2035 populo,
766 1947 854 2032 quod
885 1948 1059 2014 innumera
1081 1948 1251 2014 hominum
1275 1947 1458 2013 multitudo
1480 1948 1524 2012 ab
1546 1927 1698 2013 ob-“im

427 2046 455 2080 ¹¹·
469 2035 509 2080 ⁹⁵·
553 2050 679 2115 sidione
706 2050 868 2129 recedens,
886 2049 1153 2135 juramentorum
1183 2055 1217 2114 et
1245 2049 1370 2115 votivae
1399 2048 1607 2136 professionis

553 2155 768 2231 immemores,
793 2152 877 2218 clam
908 2152 952 2217 ad
984 2153 1128 2239 patriam
1158 2151 1362 2239 repedarunt.
1409 2151 1503 2216 Inter
1524 2173 1606 2236 quos

535 2256 655 2321 .etiam
678 2259 713 2321 et
735 2255 885 2331 Tatinus,
909 2255 1117 2342 imperatoris
1132 2259 1325 2342 procurator
1346 2253 1466 2330 Alexii,
1490 2255 1548 2340 qui
1570 2253 1606 2316 in

535 2381 633 2423 naso
655 2358 740 2422 simo
772 2356 894 2422 mentis
924 2357 1147 2444 proditionem
1181 2357 1263 2422 satis
1291 2356 1480 2436 indicabat3
1509 2356 1606 2421 bomo

535 2460 711 2547 ‚quidem2
744 2459 994 2538 formidolosius,
1028 2466 1067 2525 ut
1101 2482 1293 2546 quocunque
1325 2459 1423 2525 modo
1456 2459 1604 2524 fraudem

551 2564 710 2650 palliaret,
748 2562 863 2628 relicta
900 2562 935 2626 in
972 2563 1142 2628 obsidione
1174 2561 1299 2627 familia
1330 2583 1405 2626 cum
1443 2560 1603 2637 tentoriis,

552 2666 685 2731 recessit
706 2665 910 2731 irrediturus

551 2941 668 3008 Filias
679 2941 770 3028 rcyis
784 2941 971 3008 Dacorum
984 2941 1126 3009 veniam
1137 2940 1333 3029 pereqriois
1346 2941 1390 3008 ia
1403 2940 1607 3020 adridium,

874 3044 1086 3132 interficitur
1109 3068 1132 3110 o
1157 3045 1285 3112 Turris.

385 3191 544 3270 Roffwend.
601 3189 674 3255 Hoc
701 3211 830 3276 quoquc
853 3194 999 3276 tempore
1032 3191 1171 3269 Suanus,
1196 3190 1367 3255 Danorum
1397 3190 1484 3277 rogis
1506 3191 1603 3270 filius,
1617 3192 1772 3272 &cysson

432 3275 457 3308 '¹'
471 3265 511 3309 Μ’
555 3292 807 3379 crucesignatus,
824 3315 898 3358 cum
912 3293 993 3358 viris
1008 3293 1099 3358 mille
1115 3292 1302 3380 quingentis
1318 3293 1442 3380 optime
1456 3294 1602 3370 armatis,
1615 3260 1773 3375 glrgeenumg

558 3396 601 3459 ad
624 3395 826 3460 obsidionem
858 3418 1034 3483 properans
1065 3396 1316 3476 Antiochenam,
1345 3418 1414 3461 non
1442 3396 1538 3483 longe
1560 3395 1603 3460 ab
1613 3394 1695 3451 mark,

559 3497 639 3563 urbe
673 3497 788 3563 Nicaea
819 3497 999 3564 'lurcorum
1036 3521 1207 3584 perpessus
1243 3498 1387 3576 insidias,
1421 3521 1495 3564 cum
1536 3498 1604 3563 suis
1615 3460 1761 3576 issffll,

557 3600 708 3665 omnibus
742 3601 933 3665 interfectus
965 3606 1022 3666 est.
1069 3601 1135 3666 Sed
1169 3607 1281 3665 tamen
1311 3601 1371 3665 diu
1400 3605 1434 3665 et
1464 3600 1606 3665 viriliter

554 3702 623 3788 ipse
646 3707 680 3768 et
702 3703 754 3766 sui
777 3702 927 3767 hostibus
949 3703 1148 3780 resistentes,
1164 3725 1205 3767 ne
1228 3702 1329 3767 inulti
1351 3703 1478 3768 animas
1500 3703 1606 3768 effun-

554 3805 629 3870 dere
652 3805 854 3883 viderentur‚
878 3809 1047 3872 cruentam
1077 3809 1154 3891 post
1185 3826 1219 3870 se
1249 3804 1474 3891 proditoribus
1503 3804 1607 3869 victo·

553 3906 636 3970 riam
659 3907 872 3994 reliquerunt.

601 4186 721 4253 Fames
744 4185 788 4252 in
812 4185 959 4252 coercita
984 4184 1187 4266 iconicam
1217 4184 1310 4252 Deus
1335 4185 1563 4274 complacatus

996 4289 1175 4355 succurrit.

384 4427 547 4508 fflsstwessd·
603 4425 666 4490 Per
687 4424 775 4490 idem
798 4429 937 4512 tempus,
960 4448 1035 4491 eum
1057 4427 1093 4489 in
1117 4424 1286 4491 obsidione
1307 4425 1409 4490 fames
1432 4424 1473 4489 de
1495 4424 1548 4490 die
1570 4425 1771 4517 inlnereaseof

434 4501 512 4546 ωδ·
558 4526 645 4592 diem
668 4527 890 4605 invalesceret,
913 4532 949 4593 et
971 4549 1012 4592 ex
1034 4526 1120 4593 fame
1142 4527 1212 4592 lues
1234 4533 1430 4613 sequeretur,
1455 4527 1495 4592 de
1515 4504 1751 4636 man-{ssffig

557 4629 635 4693 dato
658 4630 784 4694 domini
814 4630 992 4707 Podiensis,
1015 4630 1073 4716 qni
1106 4629 1270 4715 legatione
1300 4629 1385 4696 sedis
1418 4630 1606 4716 apostolicae
1618 4661 1753 4713 Abatos

556 4732 592 4797 in
615 4735 762 4799 exercitu
785 4733 992 4820 fungebatur,
1017 4736 1183 4797 statutum
1206 4737 1264 4810 est,
1280 4738 1318 4797 ut
1340 4732 1534 4797 triduanum
1556 4727 1775 4862 immed&

557 4835 720 4900 diceretur
749 4834 915 4920 jejunium
945 4834 981 4897 in
1015 4833 1144 4921 populo.
1190 4833 1378 4899 Videbatur
1408 4835 1496 4900 enirn
1530 4857 1708 4978 pru-mm

1674 4942 1696 4978 θ.

592 5093 599 5121 ¹
610 5091 716 5157 pauca]
736 5059 958 5155 isinana,
1073 5089 1078 5156 ι
1136 5088 1265 5156 ²quarem]
1284 5089 1567 5154 quaausanrr.
