4442 6392
665 1188 707 1252 68
778 1200 945 1249 usrrnnr
968 1198 1183 1249 mmsrnrsrs
1205 1196 1370 1247 nrsronm
1392 1194 1594 1245 suenorum

493 1393 562 1447 an.
581 1398 653 1447 mss.
666 1380 799 1457 rantes;
835 1376 953 1462 sieque,
990 1373 1132 1462 peccatis
1177 1372 1397 1460 exigentibus,
1432 1376 1527 1457 terga
1564 1366 1715 1432 hostibus

666 1479 883 1555 ostendentes,
916 1478 1129 1544 contulerunt
1160 1475 1332 1541 audaciam
1362 1473 1492 1540 civibus
1522 1468 1714 1557 desperatis,

664 1582 722 1669 qui
743 1581 908 1668 fugientes
936 1580 1090 1668 fugantes
1120 1579 1268 1655 viriliter,
1292 1582 1431 1642 mortem
1462 1576 1509 1641 eis
1539 1571 1716 1639 inevitabi-

664 1685 729 1752 lem
759 1684 953 1750 intulerunt.
999 1684 1052 1748 Ex
1074 1682 1195 1768 quibus
1225 1702 1333 1747 comes
1365 1679 1487 1755 EmicO,
1509 1700 1583 1743 cum
1614 1676 1715 1762 legio·

663 1787 764 1852 nibus
800 1785 930 1874 fugiens
969 1783 1150 1863 dissolutis,
1188 1785 1225 1848 in
1263 1805 1357 1849 suam
1394 1782 1455 1846 vix
1488 1780 1633 1868 patriam
1664 1782 1716 1843 est

664 1911 820 1956 reversus.
863 1888 934 1954 Alii
965 1910 1044 1955 vero
1075 1887 1203 1954 nobiles
1233 1888 1294 1951 vix
1326 1885 1469 1951 exitium
1503 1882 1718 1959 declinantes,

664 1991 708 2058 ad
725 1991 875 2057 Ytaliam
897 1994 1127 2079 pervenerunt.
1173 1988 1316 2070 Quidam
1334 2008 1413 2054 vero
1431 1987 1472 2052 de
1491 1983 1715 2073 principibus¹

665 2094 754 2160 idem
775 2095 841 2160 iter
863 2099 1006 2181 agentes,
1028 2094 1087 2180 qui
1119 2090 1323 2158 Duraehiurn
1349 2089 1509 2176 navigare
1541 2108 1719 2176 proposue-

665 2201 753 2274 rant,
775 2219 810 2262 se
832 2197 868 2261 in
891 2196 1052 2263 Graeciam
1075 2218 1143 2261 non
1165 2195 1236 2260 sine
1263 2193 1370 2260 multo
1392 2190 1580 2259 discrimine
1602 2196 1719 2256 contu·

666 2299 785 2366 lerunt.

723 2588 774 2654 De
792 2609 975 2675 proyresru
997 2586 1098 2654 duris
1122 2585 1306 2672 Godefridi
1328 2585 1561 2673 sormarmeque
1584 2585 1663 2672 ejus.

502 2760 661 2828 mmm
713 2736 813 2801 Anno
836 2757 965 2822 quoque
987 2736 1049 2801 sub
1071 2734 1195 2813 eodem,
1217 2756 1329 2800 mense
1358 2736 1521 2821 Auguste
1545 2734 1888 2828 bethaun-Regum.

501 2830 624 2948 ffli’
669 2837 732 2925 giae
754 2839 825 2904 dux
848 2836 1056 2917 Godefridus,
1078 2837 1133 2902 vir
1154 2837 1303 2916 illustris,
1326 2843 1402 2924 post
1424 2837 1516 2903 Petri
1539 2837 1720 2903 Heremitae
1772 2829 1800 2865 ¹¹·
1813 2818 1854 2866 ⁷³·

503 2962 632 3025 Ian-aine,
669 2946 706 3007 et
728 2939 911 3006 Gadesealli
933 2940 1137 3026 aliorumque
1168 2961 1372 3028 progressum
1396 2941 1480 3005 male
1503 2940 1719 3017 fortunatum,

501 3030 603 3162 2ᾞῦ
670 3050 711 3110 ut
747 3041 943 3129 praedictum
980 3047 1040 3123 est,
1079 3043 1267 3109 convocatis
1304 3044 1369 3109 viae
1406 3043 1618 3120 consortibus,
1656 3043 1721 3109 iter
1733 3052 1890 3146 Rofflend

574 3135 581 3149 ’
670 3146 844 3234 magnifiee
866 3166 1036 3232 aggressus
1060 3150 1120 3227 est,
1136 3146 1282 3210 virorum
1305 3152 1402 3212 terrae
1425 3168 1492 3212 suae
1514 3145 1664 3234 precibus
1687 3168 1742 3212 se.
1775 3140 1802 3174 ¹¹·
1818 3130 1855 3175 ⁴⁴·

671 3248 911 3316 commendans
959 3247 1066 3316 Erant
1098 3254 1211 3313 autem
1242 3249 1299 3335 qui
1332 3271 1366 3314 se
1396 3249 1447 3313 illi
1480 3250 1722 3335 conjunxerunt

671 3351 735 3418 viri
757 3350 894 3432 nobiles,
916 3348 1137 3431 Baldewinus,
1153 3351 1304 3437 praedicti
1328 3351 1419 3417 ducis
1441 3351 1544 3417 frater
1565 3353 1724 3429 uterinus,

672 3452 894 3531 Baldewinus,
939 3474 1047 3519 comes
1091 3454 1346 3534 Hamaueorum,
1392 3477 1498 3520 comes
1544 3456 1646 3542 Hugo
1684 3456 1726 3520 de

674 3556 797 3621 Sancto
832 3555 944 3632 Paule,
978 3561 1012 3621 et
1047 3556 1264 3642 Engelramus
1301 3557 1389 3622 filius
1426 3558 1505 3643 ejus,
1544 3580 1650 3624 comes
1684 3558 1725 3622 de

676 3658 759 3725 Gres
781 3658 968 3735 Garnerius,
1001 3657 1213 3746 Reginaldus‚
1238 3681 1344 3724 comes
1374 3659 1544 3737 Tullensis,
1568 3665 1603 3726 et
1624 3661 1727 3725 frater

675 3762 746 3847 ejus
763 3760 891 3839 Petrus,
909 3759 1121 3826 Baldewinus
1142 3761 1182 3827 de
1201 3762 1321 3848 Burgo,
1337 3762 1502 3828 Henrieus
1525 3764 1565 3827 de
1585 3763 1726 3843 Hascha,

676 3863 876 3929 Godefridus
910 3863 1015 3929 frater
1048 3862 1128 3949 ejus,
1164 3863 1260 3929 Dodo
1294 3865 1336 3930 de
1375 3866 1471 3943 Oons,
1504 3865 1657 3932 Gonanus
1687 3867 1727 3931 de

633 3962 636 3969 ’
677 3966 913 4032 Monte-acuto.
958 3964 1049 4045 Quos
1086 3966 1308 4052 sequebantur
1346 3968 1499 4034 Frisones
1537 3973 1571 4034 et
1605 3968 1727 4033 Lothn»

676 4069 772 4156 ringi,
796 4073 829 4133 et
853 4067 1011 4155 quioquid
1040 4069 1192 4156 gentium
1216 4069 1306 4156 jacet
1335 4071 1425 4136 inter
1453 4071 1573 4136 fluvios
1596 4070 1727 4136 Renum

677 4176 711 4236 et
747 4171 941 4236 Garunnam
971 4175 1006 4237 et
1038 4170 1190 4257 Elpham,
1227 4177 1262 4238 et
1299 4170 1370 4238 loea
1403 4195 1478 4259 quae
1510 4179 1590 4240 sunt
1623 4197 1746 4262 usque.

676 4272 744 4339 fere
771 4273 973 4339 Danubium.
1020 4272 1082 4337 Hii
1113 4295 1225 4340 omnes
1254 4275 1429 4342 individuo
1458 4278 1617 4344 comitatu
1639 4279 1747 4343 inae..

677 4375 794 4440 dentes
826 4396 887 4462 per
920 4375 1068 4441 Austriae
1098 4376 1303 4462 provinciam
1334 4383 1370 4444 et
1407 4379 1627 4467 Hungariam,
1657 4380 1727 4465 regi

677 4479 823 4543 modeste
862 4477 949 4545 datis
988 4477 1164 4556 obsidibus,
1198 4478 1241 4543 ad
1276 4481 1525 4568 Bellegraviam,
1563 4482 1729 4569 Bulgariae

678 4580 861 4668 oppidum,2
884 4586 918 4647 et
942 4580 1021 4646 inde
1051 4581 1095 4647 ad
1124 4580 1192 4646 Niz
1222 4587 1258 4648 et
1287 4583 1476 4649 Straliciam
1499 4592 1729 4674 pervenenmt.

678 4683 763 4749 Inde
801 4683 844 4748 ad
881 4683 1020 4751 Daciam
1055 4683 1354 4768 mediterraneam,³
1392 4710 1467 4774 quae
1497 4688 1562 4754 alio
1596 4691 1729 4755 nomine

714 4990 901 5060 Ῥήῆῦὶρίὂνε]
920 4995 1009 5064 Pauly
1021 4998 1164 5052 interlined.
1206 5009 1211 5042 ¹
1261 5001 1494 5071 ’mediterraneum
1528 5006 1730 5066 mediteraneam,

711 5071 859 5140 εορρίάιιηι]
878 5075 989 5141 opidum,
999 5079 1057 5132 MS.
1206 5050 1212 5143 Ι
1230 5082 1287 5135 MS.
