4442 6392
596 1167 661 1230 192
737 1179 901 1229 narrum
925 1178 1138 1229 ranrsrnasm
1161 1179 1325 1230 nrsronm
1347 1179 1546 1230 ANGLOBUM.

595 1464 781 1532 Acisclnras
803 1465 950 1530 Romam
969 1463 1147 1551 profectas,
1163 1464 1292 1532 abbatas
1314 1465 1512 1550 <leprosam
1535 1488 1645 1533 aaaron

586 1570 588 1573 ’
1067 1567 1175 1635 dunat.

426 1729 496 1782 al).
511 1736 582 1781 1108·
639 1723 738 1789 Anno
783 1722 921 1789 Domini
969 1737 1132 1790 M⁰.c⁰.1n⁰.
1170 1723 1355 1803 Anselmus,
1398 1725 1816 1812 CantuariensiqusWend·

428 1823 534 1874 Ansam
594 1827 863 1915 archiepiscopus,
901 1831 976 1914 post
1012 1827 1135 1892 multas
1167 1826 1400 1895 tribulationes
1430 1834 1465 1894 et
1498 1829 1644 1917 injurias,
1690 1815 1718 1852 '¹‘
1732 1805 1787 1856 ¹⁷²·

445 1898 526 2007 Ἥ
520 1957 581 2006 with
595 1953 675 2017 quas
707 1953 728 1996 a
757 1950 833 2018 rege
865 1952 1038 2018 perpessus
1071 1930 1189 2008 fuerat,
1213 1930 1353 1996 Romam
1375 1933 1531 2020 perrexit,
1561 1934 1646 2000 sicut

426 2023 523 2140 ¹¹¹⁹&
593 2035 682 2099 inter
703 2034 812 2120 ipsum
835 2038 869 2098 et
891 2055 1001 2120 regem
1017 2039 1224 2113 convenerat,
1242 2033 1363 2100 ducens
1385 2058 1494 2102 secum
1510 2035 1647 2103 abbates

427 2105 521 2208 ilias.
595 2135 791 2224 degradatos
813 2140 848 2200 et
862 2133 1074 2214 Willelmum,
1091 2136 1355 2203 wintoniensem
1380 2137 1527 2204 electum.
1574 2140 1647 2220 Quo

595 2239 734 2305 Romam
758 2239 921 2320 veniente,
953 2260 1082 2326 apapa
1112 2238 1262 2304 Paschali
1292 2246 1461 2328 susceptus
1484 2246 1535 2307 est
1556 2264 1646 2310 reve-

594 2347 713 2408 renter.
773 2341 912 2419 Deinde,
951 2340 1005 2407 die
1043 2364 1103 2429 pro
1140 2343 1239 2430 regiis
1276 2344 1458 2410 constituto
1495 2345 1646 2433 negotiis,

427 2448 543 2501 william
551 2451 582 2500 de
595 2444 780 2510 Willelmus
807 2444 847 2511 de
877 2443 1061 2525 Warevast,
1094 2445 1230 2511 clericus
1267 2450 1301 2511 et
1334 2452 1525 2532 procurator
1561 2449 1646 2536 regis

426 2516 569 2648 {lgm
595 2548 787 2635 anglorum,
812 2569 943 2614 causam
966 2548 1070 2635 ipsius
1092 2548 1129 2613 in
1158 2547 1305 2614 medium
1327 2550 1476 2636 protulit,
1499 2573 1536 2617 ao
1559 2552 1647 2617 inter

426 2650 513 2716 kinga
594 2651 659 2717 alia
696 2655 887 2717 constanter
924 2650 1094 2738 allegavit,
1129 2651 1217 2737 quod
1254 2673 1314 2716 nec
1352 2653 1421 2739 ipse
1458 2675 1517 2740 pro
1553 2655 1645 2740 regni

427 2732 507 2771 ω’
595 2755 769 2821 amissione
806 2755 1020 2819 investituras
1059 2753 1267 2819 ecclesiarum
1298 2754 1450 2820 amittere
1473 2756 1580 2835 vellet,
1612 2762 1646 2822 et

594 2857 656 2924 hoc
678 2857 787 2923 verbis
810 2856 1015 2922 minatoriis¹
1040 2877 1114 2921 cum
1133 2856 1323 2942 juramento
1349 2857 1533 2924 affirmavit.
1591 2858 1646 2926 Ad

517 3029 521 3039 ,
594 2960 664 3026 haec
686 2981 779 3046 papa,
803 2968 820 2994 “
833 2959 877 3039 Si,
901 2958 1179 3045 quemadmodum
1203 2958 1293 3036 dicia,
1317 2981 1377 3024 rex
1399 2963 1478 3024 tuns
1505 2983 1564 3026 nec
1586 2984 1646 3048 pro

594 3061 688 3148 regni
717 3061 891 3126 amissione
914 3060 1108 3126 donationes
1135 3060 1342 3126 ecclesiarum
1372 3062 1525 3127 amittere
1556 3068 1647 3150 pate-

594 3171 695 3245 retur,
712 3165 793 3230 scias
817 3164 959 3252 praecise,
976 3186 1084 3229 coram
1106 3163 1176 3228 Deo
1192 3164 1273 3245 dico,
1290 3166 1368 3250 quia
1382 3186 1441 3230 nec
1455 3187 1515 3252 pro
1529 3168 1646 3254 capitis

595 3267 819 3355 redemptione
843 3289 898 3333 eas
921 3268 951 3333 ei
973 3267 1109 3355 impune
1133 3267 1358 3353 permitterem
1382 3267 1558 3354 optinere.''
1604 3270 1645 3335 In

595 3370 660 3436 hiis
690 3392 767 3458 ergo
789 3371 875 3458 regis
901 3370 1033 3458 negotio
1064 3369 1252 3447 terminato,
1284 3370 1459 3436 Anselmus
1488 3372 1645 3458 archiepi-

427 3476 536 3527 These-
595 3495 710 3562 scopus
747 3495 806 3559 pro
839 3473 998 3559 episcopis
1030 3480 1064 3538 et
1100 3472 1277 3538 abbatibus
1315 3471 1503 3560 degradatis
1539 3474 1643 3540 multa

426 3545 726 3664 fflggm'precum
748 3576 911 3641 instantia
932 3598 1051 3663 papam
1073 3598 1186 3664 rogare
1205 3575 1314 3663 eoepit,
1329 3581 1369 3640 ut
1384 3599 1456 3641 oum
1473 3577 1537 3641 illis
1552 3577 1647 3642 mise-

427 3677 570 3729 ninsaau
593 3680 765 3747 ricorditer
788 3679 1000 3767 dispensaret,
1022 3682 1062 3743 ut
1083 3684 1217 3766 possent
1246 3680 1381 3744 amissas
1407 3681 1548 3767 recipere
1575 3681 1646 3768 dig-

594 3785 723 3850 nitates
770 3784 863 3849 Tunc
894 3782 986 3848 sedes
1018 3781 1279 3863 clementissima,
1312 3804 1385 3868 quae
1417 3783 1500 3847 nulli
1535 3782 1645 3849 deesse

593 3887 771 3964 emanavit,
795 3886 875 3951 dum
902 3885 998 3950 modo
1022 3883 1090 3950 albi
1112 3883 1238 3971 aliquid
1260 3884 1314 3950 vel
1339 3884 1433 3950 rubei
1454 3885 1643 3963 intercedat,

594 3991 801 4078 praescriptos
824 3988 997 4078 pontifices
1020 3992 1054 4053 et
1076 3987 1213 4053 abbates
1227 3988 1270 4052 ad
1292 3987 1449 4074 pristinas
1465 3988 1644 4074 dignitates

427 4105 565 4185 Dmelto
593 4095 771 4173 revocavit,
795 4097 829 4158 et
852 4092 895 4156 ad
920 4090 1010 4157 sedes
1040 4091 1189 4178 proprias
1221 4089 1408 4156 destinavit.
1455 4091 1643 4178 Eodemque

427 4174 680 4305 ffihrgffieanno
712 4196 781 4261 dux
819 4194 1087 4260 Normannorum
1120 4195 1293 4273 Robertus,
1325 4194 1412 4281 regis
1449 4201 1662 4280 procurante·

428 4307 521 4357 annual
594 4301 747 4366 cavillosa
767 4299 924 4375 versutia,
947 4297 1014 4364 tria
1045 4297 1139 4362 milia
1170 4318 1360 4375 marcarum,
1390 4318 1471 4381 quas
1502 4319 1562 4362 rex
1593 4297 1662 4361 illi.

428 4380 581 4491 ffl‘ffim,
593 4403 730 4490 singulis
752 4402 849 4467 annis
870 4399 1006 4466 reddere
1029 4398 1196 4478 debuerat,
1218 4399 1418 4465 condonavit
1440 4397 1553 4464 eidem.

630 4718 1097 4784 'minatoriis]Pnrtlyouanerasure,
1118 4717 1123 4852 ἱ
1142 4715 1169 4765 in
1187 4715 1228 4766 W.
1248 4715 1282 4765 A.
1303 4715 1330 4765 C.
1352 4715 1385 4766 D.
1428 4716 1457 4767 Ρ.
1482 4716 1579 4767 follows
1601 4717 1643 4766 the

595 4799 645 4849 and
657 4798 793 4863 originally
804 4799 904 4848 written
916 4795 1058 4858 minacibus,
1070 4811 1098 4846 es
1143 4795 1289 4855 correction,
1301 4810 1328 4845 as
1340 4796 1420 4846 usual.
