4442 6392
656 1151 702 1213 aa
724 1150 885 1211 rurore
906 1150 1009 1212 arca
1022 1151 1186 1225 ,saraa
1210 1152 1276 1203 ru
1295 1153 1455 1215 sumar.
1517 1140 1579 1219 391.

528 1331 670 1414 possent,
705 1350 910 1415 summopere
942 1329 1147 1416 satagebant.
1194 1330 1269 1395 Rex
1303 1329 1408 1417 igitur
1440 1351 1498 1418 per
1530 1330 1583 1393 in·
1595 1334 1664 1387 Μ).
1681 1343 1747 1390 1175

511 1429 719 1506 ‚ternuncios
745 1452 857 1506 omnes
880 1431 1087 1504 &versarier
1118 1454 1193 1505 suos
1216 1433 1259 1501 cd
1282 1433 1516 1520 poeniucciun
1532 1454 1582 1497 re
1593 1418 1743 1539 §52¹st

359 1543 519 1623 Ropwend.
530 1537 666 1601 vocatos
690 1532 889 1620 intelligens,
910 1535 998 1631 ipsos
1022 1535 1111 1621 apud
1136 1535 1396 1604 cenomanniam
1419 1535 1462 1600 ad
1485 1554 1717 1617 suumpncebe

393 1626 421 1662 ¹¹·
433 1617 490 1666 ³⁸²·
529 1636 642 1703 venire
665 1636 861 1722 colloquium
884 1638 1092 1731 procuravit3
1115 1637 1173 1702 ubi
1197 1660 1218 1701 a
1241 1637 1401 1709 Gauhido
1428 1638 1582 1727 primitus
1594 1627 1675 1736 ἵζω
1691 1692 1742 1741 aaa

529 1742 564 1808 et
587 1738 734 1816 Ricardo,
758 1739 837 1803 filiis
860 1739 936 1818 suis,
957 1741 1150 1835 homagium
1173 1744 1208 1804 et
1229 1741 1425 1815 fidelitatem
1448 1741 1581 1835 accepit.
1594 1754 1712 1834 hurum,

528 1841 610 1907 Post
632 1841 702 1906 dies
733 1846 845 1906 autem
876 1840 1024 1935 aliquot,l
1050 1842 1141 1937 apud
1164 1841 1292 1908 Burum
1316 1843 1353 1907 in
1375 1822 1715 1954 normanniam}
1847 1934 1848 1937 Ἴ

529 1944 623 2011 veuit
645 1944 690 2009 ad
714 1966 790 2008 eum
804 1965 866 2008 rex
880 1943 969 2009 filius
991 1943 1071 2030 ejus,
1088 1966 1163 2009 cum
1186 1945 1427 2037 archiepiscopo
1455 1946 1581 2013 Rotho·
1592 1956 1740 2010 aconcilcd.

528 2047 674 2133 megensi
697 2051 730 2112 et
744 2046 818 2112 aliis
840 2046 1000 2139 episcopis
1022 2053 1057 2113 et
1079 2046 1259 2113 baronibus
1284 2048 1420 2130 multis3
1444 2053 1480 2112 et
1505 2072 1580 2121 cum

528 2149 635 2221 multa
657 2149 867 2215 lacrimarum
890 2149 1048 2215 effusione
1071 2150 1116 2215 ad
1135 2149 1235 2238 pedes
1256 2152 1361 2238 patris
1383 2154 1580 2239 prostratus,

511 2251 783 2318 ‘misericordiam
804 2252 1008 2342 precabatur.
1054 2252 1129 2328 Rex
1151 2258 1263 2321 autem
1285 2254 1424 2318 formam
1438 2253 1581 2320 induens

528 2354 801 2443 patris-familias,
817 2355 977 2421 redeunte
991 2355 1060 2420 filio
1083 2378 1143 2422 suo
1165 2357 1313 2445 prodigo,
1327 2361 1440 2422 motus
1453 2357 1579 2454 pietate

528 2480 625 2545 super
647 2458 726 2540 filio,
750 2480 848 2545 quem
878 2458 959 2524 totis
984 2459 1166 2525 visceribus
1196 2458 1367 2547 diligebat,
1391 2458 1578 2546 intelligens

528 2583 604 2626 eum
627 2583 669 2626 ex
692 2561 787 2625 corde
810 2561 909 2648 loqui,
936 2561 1019 2624 iram
1046 2567 1080 2627 et
1103 2583 1236 2626 omnem
1259 2562 1289 2626 ei
1312 2561 1578 2649 indignationem

527 2664 665 2745 remisit,
674 2669 775 2751 atque
791 2663 861 2750 ejus
876 2663 1075 2751 homagium,
1087 2664 1203 2733 addito
1213 2664 1411 2748 juramento,
1427 2665 1579 2752 suscepit.

895 2951 1086 3021 docmata
1104 2952 1220 3038 plenu.

358 3095 515 3175 linguerd
573 3088 736 3155 Omnibus
764 3091 868 3177 igitur
901 3090 984 3155 bene
1015 3089 1204 3176 pacificatis,
1226 3095 1261 3155 ot
1290 3089 1409 3156 osculis
1431 3087 1708 3175 undiqucrherri·

390 3163 486 3216 ³³⁸²·
526 3214 568 3256 ex
590 3193 687 3258 corde
709 3192 847 3273 collatis,
869 3215 930 3258 rex
952 3196 1047 3279 pater
1076 3194 1200 3259 milites
1222 3199 1407 3281 nongentos
1430 3197 1465 3258 ei
1486 3176 1744 3285 sexa-mni„

524 3295 620 3382 ginta
643 3317 771 3374 novem,
795 3318 877 3382 quos
899 3301 1047 3383 tempore
1061 3295 1142 3361 belii
1169 3300 1308 3383 ceperat,
1332 3296 1402 3360 sine
1428 3295 1578 3381 redemp·
1590 3291 1651 3347 soih
1661 3295 1736 3348 ciacc

526 3397 616 3462 tione
645 3419 666 3461 a
697 3397 839 3462 vinculis
870 3396 990 3478 solvit;
1024 3419 1144 3484 paucos
1166 3419 1255 3478 vero,
1280 3419 1420 3483 quorum
1451 3395 1578 3462 facinus

526 3521 659 3565 enorme
674 3499 856 3588 principem
879 3500 1184 3565 mansuetissimum
1207 3500 1250 3565 ad
1272 3499 1477 3565 iracundiam
1503 3520 1578 3584 pro-

526 3606 670 3682 vocarat,
701 3601 836 3667 arctiori
867 3601 1017 3668 custodia
1050 3602 1192 3666 tradidit
1214 3600 1457 3690 mancipandos.
1504 3599 1577 3665 Rex

525 3725 604 3768 vero
627 3704 716 3768 filius
731 3703 845 3770 eodem
867 3704 967 3769 modo
989 3703 1121 3782 milites,
1137 3726 1220 3790 quos
1237 3704 1313 3791 jure
1336 3703 1414 3769 belli
1438 3709 1576 3789 ceperat,

526 3828 666 3893 quorum
688 3828 846 3872 numerus
869 3804 912 3870 ad
938 3812 1072 3871 eentum
1095 3811 1130 3871 et
1152 3827 1190 3870 eo
1213 3805 1355 3892 amplius
1378 3808 1577 3893 excreverat,

526 3909 598 3973 sine
634 3908 775 3995 pecunia
813 3908 986 3973 relaxavit.
1032 3908 1125 3973 Tunc
1165 3929 1223 3972 rex
1261 3913 1355 3995 pater
1391 3907 1504 3971 literas
1540 3907 1575 3970 in
1588 3912 1743 3991 lemano·

1588 3979 1735 4045 nangae

511 4032 637 4075 omnes
659 4012 742 4076 fines
764 4034 833 4077 suae
854 4010 1102 4091 dominationis,
1116 4010 1255 4076 formam
1269 4009 1369 4096 hujus
1392 4009 1481 4097 pacis
1502 4031 1718 4126 ⁰0¹¹·pcnceare

511 4115 681 4193 tinentes,
698 4115 830 4195 direxit,
847 4121 886 4180 ut
909 4136 1021 4181 omnes
1036 4135 1118 4200 quos
1132 4113 1283 4201 generale
1300 4112 1475 4179 discrimen
1497 4112 1577 4177 belli
1589 4115 1680 4165 mea

526 4216 698 4295 afflixerat,
739 4219 922 4284 communis
959 4216 1080 4283 laetitia
1120 4222 1291 4283 recrearet.
1348 4214 1577 4282 Oontinebant

511 4319 662 4406 insuper
684 4320 799 4399 literae,
824 4321 911 4411 quod
942 4321 1053 4387 omnia
1082 4320 1223 4400 castella,
1262 4341 1337 4406 quae
1373 4318 1577 4384 communita

527 4422 659 4488 fuerant
681 4428 829 4511 tempore
858 4423 937 4488 belli
967 4428 1082 4489 contra
1113 4424 1231 4515 ipsum,
1254 4421 1297 4486 ad
1326 4421 1422 4488 illum
1449 4421 1575 4508 redige

527 4530 643 4591 rentur
664 4531 798 4607 statum,
822 4528 859 4591 iu
881 4548 946 4614 quo
969 4533 1065 4592 crant
1088 4527 1220 4613 quando
1241 4546 1360 4614 guerra
1382 4524 1514 4612 incepit.

1197 4696 1274 4701 -.-
1293 4695 1389 4702 .-.-

867 4803 872 4831 ¹
887 4798 991 4867 aliquot]
1010 4800 1102 4853 Added
1114 4801 1141 4849 in
1153 4815 1233 4864 marg.
