4442 6392
597 1221 644 1272 us
665 1221 824 1271 raumara
847 1220 949 1272 auore
971 1221 1143 1273 wunsam
1167 1221 1328 1284 arcuum,
1350 1221 1416 1270 vm.
1439 1221 1531 1270 eurr.
1564 1206 1626 1270 125

553 1395 653 1462 ‚ralis
675 1399 745 1461 tam
768 1403 949 1470 cruentum,
972 1399 1043 1460 tam
1065 1393 1221 1459 horribile
1241 1394 1365 1459 bellum
1388 1415 1491 1481 genus
1514 1394 1625 1459 huma·
1641 1401 1708 1462 sl).
1723 1404 1794 1453 1098-

554 1520 656 1565 ‚num
679 1498 884 1577 concussisse,
908 1502 967 1563 aut
1000 1502 1097 1563 terrae
1129 1497 1332 1583 superficiem
1365 1498 1523 1583 sauguine
1557 1519 1628 1584 per·

555 1600 696 1666 ‚fudisse
719 1599 899 1687 copiosiori.

793 1891 986 1960 Aristidem
1008 1891 1048 1958 de
1071 1891 1149 1959 coelo
1171 1892 1403 1980 manifestum.

401 2070 563 2150 nspweno.
620 2067 766 2132 Tandem
789 2087 863 2130 cum
879 2064 1019 2130 victoria
1033 2065 1201 2151 utrimque
1217 2064 1275 2130 diu
1290 2063 1480 2130 fluctuasset
1493 2065 1627 2140 incerta
1641 2080 1796 2133 marmora

438 2153 464 2190 ἰ
478 2144 533 2189 ¹²³⁸
576 2189 647 2235 ecce
669 2169 712 2233 ab
744 2169 823 2255 ipsis
854 2167 1021 2232 montibus
1043 2167 1135 2232 visus
1169 2173 1219 2232 est
1249 2168 1413 2233 exercitus
1435 2167 1628 2234 descendere
1641 2149 1782 2266 ffim‘

577 2270 800 2350 invincibilis;
845 2269 937 2356 cujus
974 2268 1149 2335 bellatores
1188 2271 1281 2356 equis
1317 2270 1401 2336 albis
1439 2270 1628 2347 insidentes,
1641 2282 1790 2335 christiana

576 2375 697 2441 vexilla
719 2375 756 2439 in
777 2372 930 2439 manibus
946 2371 1086 2438 candida
1099 2371 1325 2460 praeferebant
1373 2372 1625 2462 Cognovemnt¹

556 2478 686 2564 .igitur,
721 2476 835 2542 divina
865 2474 1034 2541 revelante
1067 2475 1177 2562 gratia
1208 2474 1292 2554 tali,8
1326 2497 1368 2541 ex
1403 2477 1629 2564 inspectione³
1661 2537 1666 2545 .

557 2631 564 2644 .
577 2580 780 2659 vexillorum,
805 2579 956 2645 divinum
972 2579 1084 2645 adesse
1099 2579 1298 2665 praesidium,
1314 2586 1507 2665 sanctosque
1529 2580 1630 2646 Geor·

577 2685 677 2771 gium,
701 2683 907 2774 Demetrium
930 2689 965 2747 et
988 2680 1188 2747 Mercurium
1211 2683 1400 2768 praecedere,
1424 2691 1458 2748 et
1472 2684 1630 2770 praedicta

557 2787 700 2852 .vexilla
722 2785 868 2863 mirifica,
893 2785 1075 2850 exercitum
1100 2784 1376 2850 innumerabilem
1402 2786 1544 2853 ooelestis
1567 2789 1629 2852 mi·

558 2890 681 2956 litiae*
704 2890 793 2977 ipsos
815 2888 1079 2974 subsequentem.
1137 2887 1211 2967 Sed,
1235 2888 1322 2955 sicut
1345 2910 1412 2954 non
1437 2896 1487 2955 est
1512 2888 1626 2956 datum

558 2992 729 3059 omnibus
766 2990 951 3078 intelligere
980 2991 1041 3056 hoc
1078 2991 1271 3070 misterium,
1302 2993 1348 3058 sic
1380 3014 1447 3058 nou
1477 2994 1630 3060 omnibus

558 3117 764 3163 .eoncessum
787 3098 839 3161 est
854 3093 1001 3173 intueri;
1030 3096 1096 3173 sed,
1121 3095 1206 3161 sicut
1229 3095 1325 3161 nobis
1348 3101 1463 3185 postea
1482 3100 1630 3164 conversi

558 3204 612 3264 .et
642 3197 767 3286 captivi
798 3217 1003 3284 paganorum
1034 3197 1231 3278 retulerunt,
1263 3220 1375 3265 omnes
1402 3199 1512 3266 hostes
1542 3201 1629 3288 ipsos

558 3303 619 3367 .ad
650 3323 762 3367 eorum
796 3300 1021 3367 confusionem
1054 3301 1205 3365 martires
1235 3301 1316 3367 adeo
1346 3303 1518 3384 terribiles,
1549 3304 1630 3368 adeo

557 3404 806 3481 .formidsbiles‚
833 3425 871 3468 ac
892 3402 921 3467 si
944 3409 1053 3468 essent
1076 3403 1239 3489 ignivomi
1263 3404 1419 3469 dracones
1442 3406 1495 3470 vel
1520 3405 1630 3471 leones

559 3503 752 3591 mugientes,
768 3502 911 3589 aspicere
933 3506 1121 3587 potueruut.
1168 3501 1238 3566 Nec
1261 3502 1363 3567 etiam
1385 3524 1498 3568 omnes
1519 3503 1630 3569 Chris

577 3607 661 3671 tiani
683 3627 738 3671 eos
759 3606 870 3670 videre
900 3607 1090 3690 potuerunt,
1113 3602 1172 3668 sed
1194 3603 1314 3690 quibus
1340 3603 1430 3670 Deus
1456 3628 1553 3671 suum
1578 3630 1629 3672 ar-

556 3711 716 3775 .chanum
740 3708 849 3774 voluit
878 3705 1030 3771 revelare.
1086 3705 1132 3770 Et
1156 3707 1213 3791 qui
1243 3706 1404 3772 videbant
1438 3708 1629 3786 Christiani,

556 3811 663 3899 ‚ipsos
685 3808 873 3875 amicabiles
888 3813 923 3873 et
944 3807 1141 3873 favorabiles
1163 3808 1200 3872 iu
1222 3809 1341 3894 spiritu
1364 3809 1629 3896 cognoscebant,⁵

555 3913 660 3979 ..sicut
674 3911 796 4000 pagani
810 3910 945 3977 hostiles
969 3914 1003 3976 et
1025 3909 1208 3988 horribiles
1232 3918 1266 3975 et
1288 3911 1353 3976 sibi
1375 3910 1630 3989 adversaturos,⁶

556 4016 806 4081 indubitanter
828 4013 1078 4102 perpendebant
1093 4014 1233 4078 eosdem.
1281 4012 1446 4100 Cognito⁷
1461 4015 1574 4101 igitur,
1589 4025 1629 4080 ut

576 4120 701 4184 dictum
733 4123 793 4199 est,
816 4118 911 4204 signo
942 4115 1148 4203 triumphali,
1179 4115 1277 4181 Turci
1309 4116 1443 4182 tremuli
1476 4119 1628 4183 certatim

576 4223 784 4310 aufugerunt,
808 4242 938 4287 omnem
961 4219 1219 4306 suppellectilem
1241 4219 1429 4307 pretiosam,
1453 4243 1527 4286 cum
1554 4227 1627 4287 ten·

557 4327 670 4392 ·toriis
693 4324 898 4390 mirabilibus
921 4330 957 4388 et
982 4322 1145 4388 thesauris
1176 4323 1482 4410 concupiscibilibus
1504 4330 1538 4391 et
1560 4325 1627 4391 vic-

594 4509 721 4517 .-...--—---
1467 4505 1566 4514 ——...

611 4622 616 4651 ¹
629 4614 1076 4685 Copnoueraatwongnovemntffl.
1159 4619 1168 4647 ⁴
1180 4617 1285 4684 militie]
1304 4618 1396 4681 milico,
1407 4618 1465 4670 MS.

608 4698 689 4764 itala]
708 4698 799 4748 Added
810 4696 936 4747 ontothe
947 4700 1010 4745 text·
1158 4697 1363 4764 ‘marchand
1413 4703 1627 4764 congnoscebant,

608 4780 618 4809 ¹
629 4795 660 4827 er
669 4775 825 4843 impactione]
837 4775 894 4825 The
901 4781 957 4824 text
966 4773 987 4823 ia
995 4773 1077 4839 faulty
1126 4776 1181 4826 MS.

577 4863 617 4923 (aa
628 4857 769 4918 alsoqu.)
783 4856 917 4906 andreads
932 4854 1077 4918 expertam,
1158 4855 1364 4923 Μυρκίνου]
1397 4859 1507 4910 erttcn
1527 4869 1553 4911 at
1572 4863 1626 4915 first

577 4938 639 4989 with
663 4935 701 4987 uel
722 4938 761 4985 iar
782 4934 936 4993 interlineda
961 4934 1011 4983 and
1033 4931 1077 4983 the
1125 4933 1278 4995 adventur,
1290 4937 1534 4992 suavssumam
1549 4942 1626 4993 iuter-

577 5019 646 5068 word
654 5015 802 5081 inspectione
813 5028 903 5064 occurs
919 5012 995 5079 again
1012 5011 1077 5062 atter
1125 5014 1201 5064 linea

575 5097 722 5147 vexillorum.
755 5094 845 5145 Ihave
857 5094 968 5143 restored
978 5091 1022 5142 the
1032 5092 1076 5140 ob·
1158 5091 1296 5162 ²Cogitato]
1314 5093 1515 5161 conputamus.

578 5177 652 5227 ricus
662 5175 768 5241 reading
778 5173 843 5229 from
855 5172 897 5224 W.
910 5173 944 5222 A.
956 5170 986 5222 C.
998 5171 1031 5227 D.
