4442 6392
600 1197 647 1245 nu
669 1196 829 1245 rmrrouu
853 1197 1138 1250 auo1su1munur
1163 1202 1513 1264 sucuun1,vrz.sur1.
1538 1194 1597 1255 101

554 1370 684 1436 insidiis
717 1379 933 1459 erumpentes,
965 1373 999 1437 in
1034 1374 1123 1461 ipsos
1152 1397 1219 1440 non
1252 1379 1397 1464 segniter
1426 1380 1599 1446 irruerunt.
1613 1393 1680 1445 nl).
1698 1402 1770 1451 roas.

554 1472 679 1540 Contra
705 1496 786 1561 quos
820 1497 895 1541 curn
926 1477 1090 1564 principes
1121 1479 1249 1565 praefati
1283 1479 1341 1545 diu
1370 1482 1600 1561 decertassent,

552 1576 702 1642 videntes
723 1578 859 1643 tandem
880 1579 1038 1665 imparem
1061 1580 1161 1646 nimis
1183 1582 1371 1647 conflictum
1387 1589 1502 1649 contra
1523 1589 1599 1650 tan·

552 1685 621 1743 tam
647 1680 825 1744 Turcorum
856 1681 1115 1760 multitudinem,
1142 1707 1215 1750 cum
1246 1685 1313 1749 illis
1342 1687 1398 1772 qui
1429 1708 1483 1751 eos
1505 1686 1598 1773 sequi

551 1787 704 1868 poterant
720 1784 917 1860 recedentes,
932 1784 975 1849 ad
998 1790 1106 1850 castra
1129 1787 1169 1851 de
1192 1788 1261 1851 loco
1284 1788 1472 1853 certaminis
1494 1790 1598 1855 redie-

550 1890 636 1949 runt
685 1884 883 1950 Ceciderunt
910 1893 1022 1952 autem
1044 1887 1092 1952 ihi
1123 1910 1165 1953 ex
1195 1890 1392 1976 pauperibus
1417 1891 1598 1978 peregrinis

549 1987 643 2072 quasi
666 1988 815 2065 trecenti,
838 1988 1014 2074 promiscui
1038 2012 1136 2054 sexus
1159 1993 1329 2057 etaetatis

577 2332 626 2398 Dc
649 2340 756 2418 strepa
782 2333 970 2398 Tuscorum
990 2331 1207 2416 pravissima,
1231 2340 1261 2397 et
1280 2332 1403 2419 proelio
1426 2340 1565 2400 aturrus

983 2433 1155 2499 inaudito.

373 2600 533 2667 Bagaeum
592 2589 693 2654 Venit
715 2586 861 2653 interea¹
887 2610 999 2653 rumor
1020 2590 1056 2653 in
1078 2594 1195 2666 castra,
1220 2590 1310 2674 quod
1336 2591 1509 2678 peregrini,
1533 2592 1591 2677 qui
1603 2606 1698 2659 Reum
1711 2614 1742 2663 of

406 2666 500 2723 W·
546 2693 586 2757 de
609 2692 693 2756 mari
723 2691 935 2769 advenerant,
960 2691 1105 2757 hostium
1129 2691 1164 2755 in
1186 2692 1243 2755 viu
1273 2692 1416 2778 perpffisi
1442 2693 1588 2772 midi&
1601 2673 1736 2795 dnodnduend

544 2818 656 2860 ornnes
690 2794 863 2880 repentino
897 2795 1023 2881 impetu
1055 2794 1261 2859 corruissent.
1307 2793 1373 2859 Sed
1406 2794 1486 2860 dum
1519 2796 1719 2864 haeccountof

543 2899 630 2963 inter
651 2921 685 2962 se
715 2897 878 2984 principes
908 2897 1007 2961 nimis
1037 2897 1248 2963 condolentes
1277 2898 1493 2979 ruminarent,
1517 2921 1589 2966 ecce
1600 2872 1727 2994 Qum

542 3000 762 3075 Boamundus‚
793 3006 826 3065 et
858 3007 931 3085 post
963 3000 1134 3085 paululum
1167 3021 1273 3065 comes
1306 3000 1519 3081 Tholosanus,
1544 3002 1679 3075 adcmp.

476 3158 478 3163 .
542 3108 647 3167 castra
668 3106 893 3180 revertuntur,
918 3123 1092 3187 casumque
1117 3103 1173 3188 qui
1200 3102 1364 3168 acciderat
1387 3103 1589 3192 principibus

539 3205 748 3270 nunciarunt.
793 3204 992 3271 Auxianus⁹
1015 3206 1137 3291 itaque,
1161 3205 1313 3271 dominus
1334 3206 1488 3283 civitatis,
1511 3230 1585 3295 cog·
1598 3223 1722 3303 superbia

538 3309 694 3375 noscens³
717 3309 805 3394 qucd
827 3309 878 3373 sui
901 3308 1041 3373 victores
1064 3313 1170 3384 erunt,
1193 3309 1347 3396 praecepit
1371 3316 1482 3397 portas
1504 3290 1731 3426 civi-{¹32⁸

538 3413 618 3477 tatis
648 3413 777 3498 aperiri,
813 3418 853 3475 ut
887 3411 975 3476 cives
1007 3417 1211 3477 revertentes
1248 3412 1389 3477 liberum
1423 3413 1682 3492 haberentoffim
1691 3447 1734 3494 um

537 3516 729 3601 ingressum.
775 3514 842 3578 Sed
875 3513 1037 3600 principes
1069 3513 1183 3592 nostri,
1218 3514 1419 3580 confratrum
1450 3538 1584 3581 suorum
1595 3512 1744 3638 misle

535 3618 728 3705 sanguinem
754 3616 868 3683 ulcisci
895 3617 1087 3703 cogitantes,
1110 3617 1153 3682 ad
1176 3639 1269 3682 arma
1290 3619 1516 3698 convolarunt,
1540 3624 1583 3698 et,

535 3723 702 3809 dispositis
724 3721 865 3797 aciebus,
890 3720 1040 3785 hostibus
1063 3741 1129 3785 uno
1152 3721 1272 3807 spiritu
1302 3722 1527 3799 occurrebant,
1550 3727 1584 3787 et

534 3829 632 3893 solita
647 3829 765 3914 gladiis
782 3826 1010 3892 incumbentes
1027 3828 1216 3893 constantia
1233 3828 1269 3892 in
1284 3827 1406 3892 Turcos
1426 3828 1561 3891 irruunt
1575 3852 1583 3906 ;

535 3931 592 4018 qui
631 3954 698 4018 prae
733 3932 861 4011 timore,
893 3930 1081 4016 agminibus
1116 3928 1292 4007 dissolutis,
1324 3937 1458 4016 pontem
1490 3929 1583 3994 urbis
1660 3942 1664 3965 ¹

535 4036 685 4098 certatim
724 4033 873 4120 optinere
914 4032 1127 4097 contendunt.
1174 4031 1240 4096 Sed
1278 4032 1348 4096 dux
1386 4031 1581 4097 Godefridus

536 4136 759 4222 Lotharingiae
790 4135 1028 4222 magnanimus,
1051 4156 1126 4199 cum
1156 4135 1223 4198 suis
1252 4141 1386 4221 pontem
1417 4155 1577 4220 praeoccu·
1591 4140 1700 4222 conflipt
1713 4159 1746 4193 or

364 4242 522 4321 lupwmd.
534 4237 637 4324 pans,⁴
660 4245 720 4304 aut
742 4240 865 4304 intrare
888 4238 1038 4303 volentes
1067 4241 1128 4301 aut
1150 4238 1240 4303 exire
1263 4238 1372 4323 gladio
1395 4237 1577 4312 detruncat,
1587 4206 1738 4327 {2222ssss

396 4315 489 4362 ⁸³⁰³·
533 4346 593 4405 aut
617 4340 706 4427 [ἰη]ὅ
737 4341 900 4428 principes
929 4340 1003 4405 illos
1033 4341 1243 4426 insequentes
1276 4340 1382 4405 redire
1412 4339 1577 4426 perituros
1586 4340 1677 4457 ms

532 4443 705 4531 compellit.
752 4443 807 4508 Sic
829 4465 914 4530 argu,
939 4464 1013 4507 cum
1036 4465 1095 4508 nec
1118 4443 1171 4507 hic
1201 4464 1260 4508 uec
1289 4441 1368 4507 alibi
1391 4443 1576 4529 principum
1615 4425 1629 4458 ε
1665 4411 1733 4464 ⁰¹¹²

530 4549 680 4634 impetus,
718 4568 882 4610 rumorum
925 4546 1130 4624 instantiam,
1168 4545 1317 4631 ictusque
1354 4544 1577 4631 importabiles

563 4851 568 4877 ι
583 4847 688 4910 imma]
708 4846 824 4901 interm,
836 4846 891 4895 MS¹
1050 4839 1052 4851 ¹
1073 4849 1129 4891 oue,
1146 4849 1174 4880 us
1192 4831 1218 4880 in
1236 4833 1275 4881 W.
1289 4832 1322 4881 Λ.
1336 4833 1364 4882 (⁸.
1379 4833 1410 4883 l).
1426 4834 1464 4890 F..
1482 4837 1531 4884 and
1549 4836 1574 4885 iu

1050 4965 1051 4969 ,
1074 4912 1226 4960 accordnucc
1239 4911 1298 4960 with
1310 4912 1354 4961 the
1364 4913 1410 4962 last
1422 4914 1512 4964 rubric.

560 4966 571 4994 ²
583 4966 612 5014 In
624 4965 666 5014 the
679 4963 734 5013 MS.
747 4972 882 5038 raeparate
893 4966 997 5028 chapter
1008 4963 1029 5012 is
1050 4978 1052 5039 ζ
1106 4990 1281 5055 remmom]
1300 5006 1479 5056 congnoscas,
1491 4993 1547 5044 MS,

529 5044 587 5094 herc
596 5045 818 5094 commenced.but
829 5043 849 5093 it
858 5045 1028 5134 undoubtedly
1050 5082 1052 5099 ,
1109 5072 1115 5099 1
1124 5071 1314 5137 mmmm]
1333 5087 1496 5136 prmum,
1507 5073 1565 5125 MS·

530 5123 618 5174 should
635 5124 667 5174 bc
681 5122 768 5186 joined
788 5131 814 5173 to
836 5123 879 5174 the
895 5124 1030 5189 preceding
1106 5150 1167 5215 Ἢ]
1187 5146 1307 5214 supplied
1318 5151 1383 5201 sm
1395 5151 1436 5202 w·
1450 5153 1484 5204 A.
1496 5152 1525 5202 C·
1538 5153 1586 5220 D..
