4442 6392
721 1199 768 1248 ns
791 1198 953 1249 rauroan
975 1200 1078 1249 anors
1101 1199 1276 1250 mmmm
1298 1199 1406 1249 rann.
1444 1214 1446 1223 ·
1554 1187 1595 1249 19

609 1467 828 1554 coaptatio
844 1468 944 1554 facto
965 1475 1013 1535 cot
1033 1475 1154 1537 conoe
1182 1467 1396 1568 Willabauaa
1411 1487 1527 1552 repam

364 1635 527 1702 Rog.wenu
561 1629 709 1696 ,Eodem
739 1654 827 1697 anno
860 1654 968 1698 comes
999 1631 1206 1719 Radnlphus,
1233 1632 1287 1696 cui
1320 1653 1380 1696 rex
1410 1629 1766 1696 willelmum-10⁷⁴·

400 1703 429 1754 ἢ·
444 1709 483 1755 ¹⁴·
539 1731 675 1799 aedera
705 1734 888 1821 asangm
917 1734 1134 1814 consulatum,
1165 1734 1301 1800 consuo
1325 1731 1523 1799 walanam
1559 1736 1593 1796 a
1605 1713 1767 1831 &gp-⁰1

539 1833 661 1922 Rogeri
689 1837 857 1915 comitum,
881 1859 991 1924 regem
1014 1837 1219 1902 Willelmum
1250 1860 1271 1903 a
1304 1857 1404 1924 regno
1431 1835 1593 1921 expellere
1606 1847 1753 1912 Ralphmd

538 1937 762 2004 moliebatur.²
821 1938 931 2005 Duxit
954 1939 1044 2006 enim
1067 1939 1265 2026 Radulphns
1295 1960 1439 2004 sororem
1463 1936 1594 2024 praefati
1606 1915 1705 2031 ⁰¹¹2
1757 1932 1760 1936 ’

539 2037 661 2128 Rogeri
684 2041 822 2122 comitis,
846 2047 881 2107 et
907 2043 944 2107 in
973 2044 1102 2130 nuptiis
1127 2041 1213 2108 hanc
1239 2041 1459 2130 proditionem
1489 2040 1593 2106 facere
1606 1997 1731 2098 baillia

361 2146 528 2226 Ropwend.
539 2143 781 2229 conspirabant.
828 2144 912 2209 Erat
926 2149 1040 2210 autem
1055 2143 1253 2231 Radnlphus
1268 2167 1311 2209 ex
1326 2149 1432 2208 matre
1447 2142 1596 2207 Walensi

396 2230 426 2264 ¹¹'
441 2219 480 2266 ¹⁵¹
539 2251 573 2310 et
595 2251 689 2332 patro
705 2247 846 2335 Anglico
869 2254 1047 2336 generatus
1059 2273 1069 2329 3
1092 2253 1135 2325 et,
1158 2247 1244 2313 sicut
1271 2247 1426 2323 diximus,
1449 2246 1596 2311 instante

538 2347 592 2411 die
606 2349 808 2435 nuptiarum,
825 2352 999 2437 utriusque
1014 2351 1120 2439 partis
1130 2350 1227 2417 amici
1241 2351 1279 2414 in
1294 2349 1374 2415 villa
1390 2349 1425 2414 N
1426 2349 1598 2415 orwicensi

538 2470 611 2514 cum
643 2453 833 2539 congregati
865 2452 1015 2534 fuissent,
1039 2459 1074 2519 et
1104 2458 1181 2540 post
1211 2453 1423 2518 refectionem
1454 2451 1597 2516 lautissi-

538 2573 625 2616 mam
648 2553 728 2619 vino
751 2555 1006 2635 inebriarentur,
1032 2560 1205 2643 coeperunt
1228 2555 1431 2619 unanimiter
1452 2553 1489 2617 in
1512 2553 1598 2640 regis

537 2676 649 2720 necem
677 2657 820 2721 clamosa
844 2679 923 2722 voce
946 2658 1142 2744 conspirare,
1167 2661 1349 2722 asserentes
1371 2656 1538 2720 hominem
1560 2656 1597 2718 in

538 2758 700 2824 adulterio
737 2765 865 2837 natum,
895 2765 936 2825 ut
973 2765 1071 2825 tanto
1111 2759 1267 2846 [regno]³
1297 2759 1486 2844 talibusque
1515 2758 1598 2822 viris

538 2867 702 2946 praeesset,
746 2863 885 2927 minime
931 2862 1056 2928 rationi
1094 2863 1279 2927 convenire
1341 2862 1448 2926 Erant
1485 2867 1596 2926 autem

538 2961 748 3048 hujusmodi⁴
785 2963 942 3030 factionis
979 2965 1153 3052 complices
1192 2965 1349 3050 Rogems,
1380 2963 1596 3041 Weltheofus,

538 3072 572 3131 et
588 3067 783 3155 Radulphus
799 3070 945 3148 comites,
961 3070 1071 3155 plures
1095 3091 1226 3156 quoque
1242 3069 1386 3156 episcopi
1401 3075 1436 3133 et
1451 3068 1597 3145 abbates,

536 3191 611 3235 cum
642 3170 823 3236 baronibus
854 3193 982 3237 necnon
1010 3177 1044 3237 et
1074 3172 1156 3237 viris
1188 3172 1440 3259 quampluribus
1469 3170 1595 3236 inclitis

536 3271 757 3340 bellatoribus.
830 3273 898 3356 Qui
936 3275 1153 3340 communiter
1191 3275 1235 3340 ad
1271 3297 1383 3361 regem
1421 3273 1594 3338 Danorum
1608 3290 1735 3369 Tneoon-

536 3377 673 3441 nunoios
695 3377 885 3460 dirigentes,
902 3377 1065 3443 auxilium
1086 3378 1158 3464 ejus
1181 3378 1362 3442 instantius
1385 3364 1742 3474 flagitabant.⁸1'¹‘({²‘{'0'¹³th

536 3476 674 3556 Deinde,
698 3478 912 3545 Walensibus
943 3478 1007 3545 sibi
1038 3479 1278 3558 confoederatis,
1309 3479 1535 3566 unusquisque
1557 3440 1758 3571 inditas?

537 3603 596 3645 sua
617 3585 793 3667 potestate,
821 3583 898 3670 igne
931 3578 1205 3648 accumulato'in
1227 3581 1317 3646 villis
1336 3580 1446 3667 regiis,
1470 3580 1594 3667 rapinis
1606 3560 1656 3609 ¹²¹⁶·

537 3688 571 3748 et
601 3684 763 3749 incendiis
786 3683 1031 3765 intendebant;
1068 3685 1127 3750 sed
1156 3683 1244 3772 regis
1278 3682 1450 3749 castellani
1480 3704 1594 3746 eorum

537 3791 673 3851 conatus
695 3792 850 3874 potenter
871 3786 1060 3853 irritabant.
1117 3786 1211 3852 Tunc
1241 3809 1301 3852 rex
1331 3785 1526 3864 Willelmus
1551 3783 1724 3848 adwilliam

537 3888 644 3953 instar
665 3887 824 3966 fulminis,
848 3888 890 3953 de
913 3887 1123 3954 Normannia
1137 3888 1249 3954 subito
1270 3887 1410 3966 rediens,
1428 3885 1594 3973 Rogerum
1606 3863 1742 3978 ffifflnd

537 3991 698 4071 comitem,
737 3997 916 4080 cognatum
953 4014 1059 4071 suum,
1099 3997 1134 4057 et
1166 3990 1390 4056 Weltheofum
1428 3989 1523 4076 cepit,
1560 3966 1755 4110 etearlltoger

536 4099 648 4180 captos
671 4093 896 4160 incarceravit.
944 4094 1041 4175 Quod
1064 4117 1171 4161 comes
1195 4092 1391 4181 Radulphus
1420 4114 1495 4157 cum
1520 4061 1740 4179 cog-3¹22,

537 4197 690 4275 novisset,
713 4197 756 4261 ab
780 4198 904 4284 Anglia
933 4197 1145 4263 meticulosus
1168 4196 1301 4262 recessit
1322 4194 1406 4259 ilice.
1464 4191 1593 4258 Deinde
1605 4196 1686 4246 taken

535 4319 597 4362 rex
619 4298 805 4364 Willelmus
819 4299 863 4365 ad
886 4298 1079 4366 Norwicum
1095 4300 1277 4366 exercitum
1292 4298 1437 4375 mittens,
1454 4317 1592 4359 uxorem
1604 4275 1760 4394 §2233

538 4400 667 4466 comitia
682 4400 851 4491 Radnlphi
874 4401 1014 4482 obsedit,
1040 4403 1144 4469 donec
1167 4396 1426 4480 humiliaretur,⁶
1441 4397 1732 4474 deficien-boeioged.

537 4504 629 4570 tibus
650 4504 825 4585 alimentis,
842 4506 993 4595 praestita
1015 4505 1121 4573 tunc⁰
1145 4506 1297 4572 cautione
1314 4503 1491 4592 juratoria,
1506 4502 1596 4589 quod

574 4762 580 4794 ¹
599 4761 736 4829 Weltdeqfi]
756 4762 908 4825 Waltheoni,
921 4762 978 4814 MS.
1127 4763 1298 4830 ⁴lmjnsmodt]
1317 4761 1403 4825 hujus,
1414 4759 1457 4811 W.
1465 4760 1501 4810 A.
1510 4760 1539 4813 C.
1550 4760 1581 4810 1³.

554 4840 749 4934 summ]
769 4843 808 4892 At
818 4843 872 4892 Μ
884 4842 985 4892 mim
997 4859 1046 4892 Μ
1128 4867 1332 4933 macarem]
1350 4867 1445 4916 nanu
1462 4881 1496 4915 on
1513 4873 1540 4914 to
1557 4865 1600 4914 ue

540 4920 669 4984 lactantur,
687 4924 733 4972 bnt
753 4940 769 4971 a
787 4923 933 4972 afterwards
951 4924 1046 4973 crased.

540 5001 572 5050 In
583 5002 626 5052 W.
637 5002 670 5051 A.
681 5002 710 5052 C.
724 5003 757 5052 D.
767 5003 797 5053 F.
809 5002 946 5052 moliuntur.
1071 5062 1074 5069 ⁴
1534 5061 1540 5072 ι

539 5080 680 5210 naim]
698 5080 822 5148 supplied
835 5080 902 5131 from
915 5081 957 5132 w,
972 5084 1006 5131 Α,
1019 5080 1047 5132 (2¹
1071 5082 1075 5234 p
1129 5070 1140 5097 ⁸
1151 5066 1222 5131 tnnc]
1243 5066 1335 5118 Added
1343 5066 1457 5115 between
1467 5068 1512 5111 fflc
1522 5061 1594 5111 lines.

1093 4969 1149 5014 text
1159 4962 1187 5010 in
1198 4976 1283 5025 marg.

1411 5248 1470 5310 a2
