4442 6392
594 1148 642 1196 nn
663 1148 824 1205 rauroan
846 1147 947 1199 ancre
963 1148 1138 1203 witimar
1160 1149 1320 1212 sacuam,
1336 1150 1402 1206 viz.
1418 1151 1510 1202 num.
1544 1138 1584 1203 55

536 1335 633 1414 Quod
654 1358 751 1401 nemo
774 1336 933 1402 laicorum
956 1358 977 1402 a
1002 1338 1111 1422 capite
1129 1337 1260 1423 jejunii,
1275 1360 1372 1404 nemo
1395 1340 1754 1409 clericorumaD.1oeo.

533 1461 553 1502 a
576 1437 860 1526 Quinquagasima
891 1461 995 1525 usque
1026 1440 1070 1504 ad
1103 1441 1237 1517 Pascha,
1276 1463 1389 1508 carnee
1427 1442 1587 1511 comedat.

535 1541 632 1620 Quod
655 1544 746 1609 omni
769 1550 925 1629 tempore,
942 1544 1086 1628 primum
1096 1544 1263 1629 jejunium
1287 1542 1373 1609 iiii⁰¹2
1400 1549 1586 1632 temporum

533 1644 640 1729 prima
662 1645 846 1711 ebdomada
863 1645 1130 1731 Quadragesimae
1153 1647 1220 1711 fiat.
1268 1645 1364 1726 Quod
1387 1649 1478 1715 omni
1503 1654 1586 1713 tem·

534 1768 620 1831 pore,
667 1747 798 1812 ordines
840 1746 894 1811 vel
940 1768 1075 1833 vespere
1120 1747 1268 1826 Sabbati,
1315 1756 1587 1835 perseverantem

529 1848 668 1934 jejunio,
706 1850 743 1913 in
780 1850 956 1917 Dominioa
992 1849 1206 1921 celebrentur.
1269 1850 1320 1919 Ut
1357 1853 1394 1919 in
1439 1853 1586 1923 sabbato

534 1952 676 2031 Pascha,
700 1951 786 2018 nisi¹
810 1957 887 2039 post
913 1952 1028 2018 horam
1059 1974 1190 2032 nonam,
1221 1952 1364 2025 officium
1396 1955 1586 2023 celebretur.

536 2054 587 2121 Ut
612 2056 779 2141 jejunium
815 2054 1047 2142 [secundum]²
1085 2055 1123 2119 iu
1159 2055 1341 2124 ebdomada
1378 2057 1588 2126 Pentecosten

534 2157 722 2223 celebretur.
769 2156 918 2244 [Quod]³
942 2157 984 2222 ab
1008 2157 1170 2223 Adventu
1185 2157 1321 2222 Domini
1344 2180 1447 2244 nsque
1471 2161 1514 2224 ad
1534 2182 1586 2225 oo-

535 2261 629 2324 tabaa
652 2259 858 2346 Epiphaniae,
874 2265 908 2323 et
931 2282 952 2323 a
967 2239 1254 2345 Quadrageiima⁴
1277 2282 1381 2346 usque
1396 2262 1439 2325 ad
1455 2264 1588 2327 octabae

535 2363 679 2441 Paeohae,
703 2368 737 2428 et
762 2385 784 2428 a
805 2363 913 2449 prima
934 2361 989 2427 die
1012 2362 1238 2448 Rogatianum
1264 2384 1367 2448 usque
1391 2364 1435 2428 ad
1457 2364 1590 2429 octabas

534 2591 620 2655 pore,
645 2588 750 2655 usque
774 2567 818 2631 ad
841 2567 873 2632 ii.
897 2566 1022 2642 feriam,
1047 2566 1174 2632 oriente
1196 2566 1272 2644 sole,
1295 2571 1421 2655 treugae
1446 2570 1589 2636 custodi·

535 2671 656 2743 antur,⁵
703 2669 799 2753 Quod
821 2669 880 2758 qui
896 2669 1020 2755 ceperit
1043 2669 1240 2758 episcopum,
1256 2670 1391 2738 omnino
1407 2672 1506 2739 exlex
1520 2673 1588 2741 fiat.

537 2771 634 2853 Quod
656 2772 714 2857 qui
736 2771 819 2836 sacri
842 2771 966 2836 ordinis
981 2772 1080 2849 vireo,
1096 2771 1151 2835 vel
1173 2792 1285 2836 eorum
1300 2773 1442 2839 famulos
1457 2775 1589 2861 ceperit,

363 2885 525 2964 Rogwend.
536 2874 712 2940 anathema
743 2875 794 2942 sit.
841 2873 937 2955 Quod
969 2874 1027 2959 qui
1056 2873 1282 2961 episcoporum
1313 2876 1368 2946 vel
1398 2875 1589 2951 clericorum

404 2968 433 3004 η
446 2957 486 3003 ⁵⁸·
536 2978 747 3045 morientium
779 2976 867 3040 bona
900 2975 1056 3063 rapuerit,
1088 2976 1267 3043 anathema
1301 2977 1353 3044 sit.
1400 2977 1497 3058 Quod
1531 2980 1590 3066 qui

534 3102 637 3168 usqne
671 3081 714 3146 ad
746 3078 921 3167 septimam
953 3079 1198 3165 generationem
1239 3081 1520 3167 consanguinitati
1553 3104 1589 3148 aa

534 3183 745 3273 copulaverit,
777 3182 955 3249 anathema
987 3181 1039 3246 eit.
1086 3180 1184 3262 Quod
1210 3203 1308 3255 nemo
1342 3183 1378 3247 in
1400 3184 1588 3271 episcopum

534 3288 685 3375 eligatur,
701 3286 767 3351 nisi
782 3286 951 3372 presbiter,
974 3284 1027 3350 vel
1043 3284 1210 3361 diaconua,
1225 3285 1279 3351 vel
1301 3286 1530 3368 subdiaoouua,
1554 3296 1589 3355 et
1613 3286 1617 3293 ’

534 3391 586 3456 cui
617 3390 781 3455 natalium
804 3389 948 3475 dignitas
975 3387 1190 3474 suffragatur}
1211 3387 1277 3454 nisi
1301 3388 1336 3453 in
1362 3390 1509 3456 maxima
1531 3414 1588 3457 ne.-

534 3494 683 3560 oessitate
707 3492 797 3557 etde
821 3491 955 3556 lieentia
979 3513 1080 3577 papae.
1128 3490 1226 3572 Quod
1247 3491 1309 3555 filii
1332 3492 1588 3578 presbiterorum

520 3573 587 3664 'vel
610 3594 869 3661 concubinarum
890 3593 934 3658 ad
950 3592 1207 3679 presbiteratum
1229 3614 1298 3658 non
1320 3603 1589 3681 promoveantur,

534 3699 598 3769 nisi
621 3697 713 3784 prius
735 3696 780 3761 ad
806 3697 912 3761 vitam
942 3695 1137 3762 nansierint
1167 3694 1361 3782 religiosam.
1407 3698 1505 3791 Quod
1530 3700 1589 3794 qui

535 3801 577 3866 ad
608 3799 775 3865 ecclesiam
806 3799 859 3865 vel
891 3797 935 3864 ad
964 3819 1092 3863 crucem
1127 3796 1345 3884 confugerint,
1378 3801 1457 3873 data
1488 3824 1589 3867 mem-

536 3904 667 3973 brorum
690 3901 899 3987 impunitate,
929 3900 1074 3986 justitiae
1104 3900 1288 3978 tradantur,
1314 3902 1368 3968 vel
1397 3903 1589 3971 innoeentes

538 4098 729 4108 ...---—-—-

572 4210 653 4275 ¹aisr]
675 4208 784 4265 nonnisi,
796 4207 867 4257 Will.
881 4206 995 4258 Malmes,
1014 4205 1040 4256 ii.
1086 4213 1135 4254 tur.
1169 4204 1255 4255 Iuthe
1266 4214 1329 4268 text,
1349 4206 1413 4257 aster
1433 4216 1528 4274 trecqm
1545 4225 1588 4261 are

540 4289 730 4351 525,and0rd
742 4286 846 4336 Vitiii.
860 4293 917 4337 tol.
1085 4285 1195 4335 inserted
1224 4285 1266 4336 the
1291 4287 1372 4335 words
1395 4294 1418 4334 et
1436 4287 1479 4350 Γ,
1502 4289 1587 4338 wbieh

570 4368 733 4434 ’amanduffl
753 4368 867 4417 Inserted
878 4366 943 4416 from
955 4366 997 4415 W.
1006 4365 1040 4415 A.
1085 4379 1153 4428 may,
1164 4363 1277 4428 perhaps,
1288 4366 1321 4414 be
1335 4367 1395 4415 read
1413 4375 1437 4414 et
1445 4367 1525 4430 secto,
1542 4371 1587 4419 but

536 4448 824 4514 C.I)‚,andeonfinuad
839 4445 973 4513 byMalm.
991 4447 1042 4501 and
1085 4443 1113 4492 in
1136 4443 1179 4493 the
1202 4443 1342 4509 marginis
1364 4444 1465 4499 wican
1487 4446 1511 4508 d,
1533 4448 1589 4504 that

539 4532 600 4583 Ord.
613 4529 669 4579 vit.
1085 4525 1107 4574 is
1128 4532 1154 4574 to
1180 4540 1232 4589 say,
1255 4523 1367 4582 dubium
1395 4526 1446 4574 and
1470 4541 1497 4576 ae
1517 4527 1587 4579 these

568 4613 578 4640 ³
593 4607 677 4672 Quod]
692 4606 805 4655 Inserted
816 4605 881 4653 from
893 4603 979 4653 Malm.
992 4604 1042 4653 and
1086 4605 1168 4654 words
1179 4619 1221 4653 are
1234 4610 1279 4652 not
1295 4603 1373 4652 found
1391 4604 1418 4652 in
1429 4605 1470 4664 R,
1482 4607 1531 4654 and
1548 4623 1588 4657 re·

538 4695 588 4751 W.,
600 4695 646 4741 but
656 4690 761 4739 omitted
772 4688 798 4737 in
811 4688 871 4738 Ord
881 4687 934 4735 Vir
945 4687 995 4736 and
1006 4685 1041 4736 A.
1086 4684 1157 4733 ceive
1172 4699 1206 4732 no
1223 4683 1351 4746 authority
1362 4683 1427 4733 from
1443 4683 1589 4738 Weudover

538 4775 566 4824 c,
579 4774 610 4821 D,
624 4773 653 4821 F,
1086 4779 1115 4811 or
1126 4764 1168 4811 the
1180 4763 1251 4812 other
1268 4761 1377 4820 MSS.,1
1398 4763 1463 4812 have
1483 4766 1588 4816 omitted

575 4848 806 4913 ‘Qumlrapcaima]
843 4845 1040 4911 septuagesima,
1085 4844 1162 4891 them.
1196 4842 1251 4890 The
1266 4842 1371 4905 reading
1382 4832 1413 4890 os
1427 4843 1531 4894 inducia
1548 4846 1587 4895 for

538 4931 626 4989 Malm.
638 4931 689 4980 and
700 4929 761 4979 Ord.
771 4927 826 4976 vit.
1086 4929 1174 4987 treuga
1186 4922 1213 4970 in
1234 4921 1299 4971 Edd.
1311 4921 1334 4970 ia
1345 4937 1393 4971 one
1404 4923 1434 4972 of
1448 4923 1491 4974 the
1509 4940 1587 4990 many

571 5005 874 5074 5τηεψιἰιεὶοιίὶαηειιν]
893 5004 1041 5054 Mnlm.and
1084 5001 1285 5053 unwanuutable
1313 5000 1424 5077 changes
1452 5004 1524 5064 made
1551 5006 1586 5072 by

542 5091 602 5141 Ord
614 5088 670 5138 vit.
682 5086 744 5136 read
761 5085 838 5135 trevia
849 5083 904 5134 Dei
919 5081 1040 5132 custodia·
1084 5082 1181 5134 Parker
1192 5096 1221 5131 or
1231 5080 1272 5131 hin
1283 5079 1385 5146 princi.
