4442 6392
630 1182 694 1246 156
754 1193 919 1243 ulmum
943 1191 1158 1243 mmsmusrs
1180 1190 1344 1242 srsronn
1365 1190 1565 1243 susmams

461 1366 529 1419 AD·
544 1373 615 1421 ¹⁰⁰⁹·
628 1369 745 1435 diebus
767 1369 968 1455 quiescentes
994 1372 1070 1455 post
1091 1366 1229 1446 labores,
1259 1368 1441 1434 Dominum
1463 1369 1582 1436 merito
1612 1370 1695 1437 eol.

627 1472 816 1539 laudabant

627 1699 847 1787 Manifestior
869 1699 1011 1767 ostensio
1033 1721 1144 1766 omssoe
1165 1698 1342 1766 redditaa¹
1371 1698 1480 1766 Ducis
1503 1699 1696 1767 Numnam.

995 1824 1124 1868 uorum
1146 1799 1306 1868 Robora?

462 1960 586 2011 Causeof
671 1952 751 2019 Non
777 1949 1043 2039 praetereundum
1075 1973 1200 2030 censeo,
1230 1952 1328 2039 quod,
1350 1953 1437 2017 sicut
1466 1952 1697 2038 praelibatum.
1757 2000 1760 2006 .

460 2027 601 2152 {iem
627 2060 685 2133 est,
723 2055 968 2143 peregrinorum
997 2055 1198 2120 universitas
1227 2054 1289 2120 hoc
1327 2055 1494 2120 decretum
1524 2055 1613 2119 inter
1642 2077 1697 2120 se.

461 2160 570 2209 eureos
625 2162 818 2236 sanxerunt,
841 2158 938 2243 quod,
952 2158 1107 2224 invocata
1133 2157 1197 2223 Dei
1216 2158 1333 2245 gratia,
1357 2179 1432 2223 cum
1458 2157 1499 2222 de
1525 2157 1696 2244 eligendo.

460 2227 615 2293 mm·
624 2284 701 2350 rege
738 2263 774 2326 in
807 2261 993 2327 Jerusalem
1038 2267 1292 2338 contrectarent,
1330 2260 1454 2348 singuli
1490 2260 1696 2347 principum.

626 2364 779 2431 candelas
800 2385 877 2428 suas
898 2364 969 2429 sine
991 2364 1068 2451 igne
1090 2364 1243 2429 manibus
1257 2364 1334 2440 suis,
1358 2364 1437 2428 dum
1451 2364 1546 2430 fieret
1560 2364 1696 2440 oratio„

626 2468 796 2546 tenebant,
810 2471 859 2549 ut,
882 2467 960 2553 igne
982 2467 1105 2533 coelesti
1121 2466 1238 2547 indice,
1254 2467 1410 2531 voluntas
1432 2466 1496 2532 Dei
1518 2465 1696 2553 populum.

626 2573 819 2638 certificaret
849 2572 1068 2648 dubitantem,
1102 2593 1200 2658 quem
1231 2572 1333 2638 vellet
1363 2571 1526 2637 Dominus
1556 2571 1696 2638 habere·

625 2674 740 2764 populi
763 2675 816 2740 sui
842 2697 953 2762 regem
983 2681 1018 2739 et
1051 2675 1313 2762 gubernatorem.
1360 2674 1440 2740 Dux
1469 2681 1581 2740 autem
1611 2675 1696 2741 Ro·-

623 2779 737 2844 bertus
767 2800 863 2844 suum
901 2799 999 2865 quem
1031 2778 1169 2844 tenebat
1198 2799 1336 2854 cereum,
1366 2778 1423 2863 qui
1462 2778 1595 2843 coelitus
1626 2785 1696 2844 est·

623 2902 777 2946 aecensus
796 2886 857 2958 ter,
880 2880 970 2966 quod
992 2880 1062 2944 sine
1091 2879 1236 2945 lacrimis
1258 2901 1385 2966 nequeo
1416 2881 1561 2958 recitare,
1591 2880 1695 2946 clum-

624 2983 780 3060 extinxit,
818 2981 969 3048 electioni
1007 2981 1049 3046 de
1086 3003 1121 3046 se
1160 2983 1325 3047 divinitus
1357 2981 1453 3048 factae
1485 2983 1695 3049 nullatenus.

624 3086 841 3164 consentiens,
874 3084 975 3148 immo
1005 3085 1137 3170 penitus
1169 3084 1301 3151 rebellis
1331 3091 1365 3150 et
1388 3085 1556 3151 imbellis³
1589 3086 1696 3151 bella·

624 3187 688 3253 Dei
703 3188 885 3267 refutavit;
907 3187 1051 3252 multum
1074 3187 1110 3251 in
1132 3187 1195 3253 hoc
1216 3188 1471 3275 redarguendus,
1497 3189 1696 3254 secundum.

623 3291 707 3356 illud
729 3290 848 3370 Ysaiae,
874 3289 961 3355 “Vae
975 3289 1033 3375 qui
1049 3291 1186 3376 spernis,
1210 3313 1319 3356 nonne
1334 3296 1369 3357 et
1389 3296 1427 3356 tu
1443 3291 1697 3378 spernerisl'’⁴·

625 3393 726 3459 Unde
755 3392 819 3480 piae
849 3414 887 3457 ac
916 3392 1067 3479 gloriosae
1097 3392 1336 3458 recordationis
1370 3393 1438 3458 dux
1470 3393 1696 3473 Godefriduq.

624 3500 699 3584 post
721 3496 911 3561 electionem
938 3495 978 3561 de
1012 3518 1047 3561 se
1081 3495 1211 3577 factam,
1242 3499 1419 3563 etiterum
1456 3501 1532 3585 post
1556 3520 1695 3563 memo·-

623 3604 731 3664 ratam
753 3599 935 3677 victoriam,
962 3620 1102 3685 regnum
1127 3598 1252 3685 optulit
1278 3605 1396 3687 sponte
1433 3620 1471 3664 ac
1504 3603 1695 3687 gratanter.

625 3702 789 3779 Roberto;
820 3723 965 3766 asserens
997 3702 1107 3788 ipsum
1144 3701 1327 3768 Robertum
1362 3725 1396 3767 se
1431 3701 1615 3788 digniorem
1640 3725 1696 3771 ae.

624 3804 894 3891 praestantiorem,
930 3825 968 3868 ae
1005 3802 1085 3884 Deo,
1112 3809 1153 3870 ut
1190 3804 1352 3883 credebat,
1385 3804 1695 3891 acceptabiliorem..

625 3908 691 3974 Sed
720 3907 827 3972 adhuc
851 3907 920 3972 dux
943 3906 1109 3972 Robertus
1135 3907 1248 3972 oblata
1273 3907 1432 3972 refutavit
1456 3907 1697 3994 impudenter„

623 4011 755 4075 inhians
778 4031 878 4096 regno
903 4009 1043 4096 Angliae,
1070 4009 1107 4073 in
1138 4031 1203 4096 quo
1233 4031 1268 4074 se
1290 4008 1444 4075 credebat
1474 4010 1618 4075 desidem
1640 4017 1695 4078 et.

623 4112 849 4178 illecebrosum
887 4113 1031 4197 quietius
1068 4116 1293 4198 regnaturum.
1360 4111 1546 4177 Jactitabat
1587 4113 1695 4178 enim.

624 4216 731 4302 majus
764 4215 820 4301 jus
843 4215 964 4279 habere
991 4214 1027 4277 in
1049 4236 1150 4302 regno
1177 4215 1235 4278 illo
1258 4214 1359 4280 fratre
1382 4237 1441 4281 suo
1467 4216 1696 4303 W[illelmo],.

625 4318 682 4405 qui
705 4317 789 4382 illud
819 4339 861 4381 ex
901 4321 989 4382 sorte
1018 4315 1262 4406 primogenito⁵
1295 4316 1419 4404 injuste
1450 4325 1696 4406 occupaverat..

658 4619 800 4686 1νεᾰιίὶειιε]
821 4619 926 4681 reditus,
937 4619 995 4670 Ms.
1209 4623 1254 4671 'et
1271 4620 1383 4688 imbellis]
1403 4623 1496 4673 Added
1512 4631 1538 4673 to
1555 4624 1597 4673 dre
1615 4631 1678 4684 text,

657 4699 776 4751 ²Outhe
791 4699 896 4764 edgeof
910 4699 954 4750 the
971 4699 1048 4750 lower
1063 4713 1128 4750 mar·
1176 4713 1226 4762 and
1241 4713 1286 4765 the
1303 4721 1354 4764 two
1370 4722 1433 4764 next
1443 4717 1526 4765 words
1537 4731 1579 4766 are
1592 4731 1626 4766 on
1644 4731 1676 4766 an

625 4779 671 4846 gin
682 4779 704 4828 is
715 4779 814 4828 written
825 4780 860 4843 by
871 4779 993 4828 Matthew
1001 4778 1073 4829 Paris
1083 4800 1128 4831 :-
1175 4820 1283 4855 erasure·

757 4857 1128 4924 (Orbebrevibreviormod'co
1150 4909 1151 4916 .

627 4969 642 4994 ‘⁶
652 4919 778 5188 ngesq
810 4951 943 5000 conclusus
953 4951 980 4999 in
991 4952 1052 5001 orbe
1208 4926 1261 4977 ⁴Is.
1274 4926 1367 4978 xxxiii.
1382 4932 1402 4977 1.

666 5040 704 5082 ωδ
778 5041 872 5094 Orbem
882 5043 1127 5109 uansgrediortotus
1212 5044 1328 5110 'Seepp
1343 5051 1508 5109 ll‚30,unte.

811 5121 917 5172 diffusus
927 5122 955 5172 in
966 5123 1051 5173 orbe.’'
