4442 6392
717 1183 764 1230 ns
786 1183 945 1230 rampone
969 1181 1070 1230 naurs
1093 1182 1246 1241 nsumcn
1270 1182 1336 1231 rm.
1361 1182 1517 1230 sacuam.
1579 1165 1645 1234 317

674 1399 799 1472 Primo
820 1401 910 1487 repis
933 1400 1109 1467 commotio
1133 1408 1252 1467 contro
1275 1399 1568 1488 archiepiscopum
1655 1417 1724 1469 Ah.
1741 1423 1813 1469 noa.

1035 1503 1206 1569 Thomom.

425 1638 583 1705 Romana
641 1627 789 1693 Nuncios
811 1628 974 1720 siquidem
996 1627 1040 1692 ad
1062 1649 1172 1713 regem
1196 1629 1233 1692 in
1251 1626 1491 1693 Normanniam
1513 1627 1646 1704 direxit,
1658 1638 1714 1689 The
1725 1638 1780 1688 first

451 1705 478 1757 ii.
491 1712 547 1757 292.

596 1730 797 1796 cancellariae
820 1729 1017 1795 renuncians
1040 1735 1075 1793 et
1101 1729 1248 1815 sigillum
1271 1729 1463 1815 resignans3
1498 1729 1587 1814 quod
1609 1728 1645 1792 in

1657 1721 1731 1756 cauae
1744 1704 1775 1754 οἰ

1657 1771 1700 1821 the
1711 1771 1796 1836 king’s

426 1851 584 1917 Roawens.
596 1854 652 1897 cor
671 1833 757 1919 regis
779 1833 879 1897 altius
901 1831 1024 1897 resedit
1046 1831 1308 1907 commoturum
1331 1853 1365 1895 se
1388 1831 1493 1895 solum
1516 1852 1646 1895 causam
1657 1853 1736 1916 anger

461 1920 486 1969 ii.
498 1924 556 1970 29³.

596 1935 827 2022 resignationis
857 1942 926 2000 tam
958 1934 1070 1999 subito
1099 1934 1329 2019 retorquentis.
1375 1933 1420 1998 Et
1450 1933 1519 1998 haec
1541 1932 1647 2019 prima

594 2037 658 2101 fuit
683 2038 802 2125 regalis
824 2039 926 2102 animi
949 2036 1154 2124 perturbatio
1176 2037 1332 2100 adversus
1352 2036 1521 2113 Thomam‚
1541 2035 1647 2100 archi·

594 2141 767 2226 praesulem
792 2139 1069 2206 Oantrra-riensem.

889 2378 974 2460 Quis
988 2376 1101 2465 fuerit
1124 2376 1183 2442 o'ttc
1208 2376 1358 2442 Thomas.

1657 1911 1807 2035 me

427 2517 583 2582 acauno.
641 2504 725 2569 Erat
755 2509 868 2569 autem
898 2503 1040 2568 Th0mas
1071 2503 1135 2567 istc
1167 2501 1405 2567 Londoniensis
1435 2500 1528 2565 urbis
1562 2501 1810 2578 rndr-Brogrnphi·

461 2585 486 2634 ii.
499 2590 554 2633 293.

445 2651 488 2701 sol.
502 2656 532 2700 55
541 2653 563 2699 t.

597 2629 690 2692 gena,
723 2628 744 2670 a
781 2605 896 2691 primis
934 2605 1164 2670 adolescentiae
1197 2605 1293 2668 arinis
1330 2604 1438 2690 gratia
1470 2602 1644 2689 multiplici

577 2709 775 2784 ,decoratus
798 2713 893 2793 patre
915 2708 1024 2772 editus
1026 2757 1180 2773 ......
1184 2705 1192 2741 ¹
1227 2706 1301 2785 Qui,
1325 2705 1402 2790 quia
1425 2705 1478 2769 die
1502 2705 1645 2792 quadam

579 2811 727 2888 ,Martis
749 2808 903 2875 videlicet
926 2809 980 2875 die
1009 2809 1099 2874 beati
1124 2810 1259 2874 Thomae
1282 2807 1430 2894 apostoli,
1454 2812 1554 2872 natus
1587 2813 1646 2888 est,

578 2973 585 2986 ,
599 2914 779 2979 vocabatur
788 2912 936 2977 Thomas.
970 2911 1024 2976 Ab
1040 2912 1176 2977 ineunte
1195 2918 1307 2976 autern
1324 2915 1424 2975 aetate
1439 2909 1573 2975 beatam
1583 2910 1648 2975 Dei

579 3015 810 3094 ,Genitricerm
828 3019 987 3098 tanquam
1011 3013 1127 3079 ducem
1145 3015 1275 3078 viarum
1293 3018 1488 3089 suammet
1511 3013 1646 3079 beatum
1753 3011 1757 3019 ’

578 3117 757 3190 ,Thomam
791 3116 986 3202 apostolum,
1021 3116 1115 3200 quasi
1149 3120 1337 3201 patronum,
1371 3114 1464 3200 cujus
1501 3116 1582 3194 luce,
1614 3117 1649 3182 id

579 3226 657 3296 est,
683 3217 760 3299 die,2
782 3217 905 3306 prodiit
928 3218 963 3281 in
987 3218 1103 3294 lucem,
1128 3218 1301 3303 specialius
1323 3219 1424 3304 coepit
1454 3219 1590 3306 diligere
1613 3227 1648 3286 et

598 3323 762 3387 invocare.
811 3321 1013 3397 Liberalium
1029 3341 1159 3405 qnoque
1175 3320 1424 3406 disciplinarum
1439 3321 1542 3386 scolas
1557 3344 1646 3409 egre

1657 2579 1698 2629 cal
1708 2577 1792 2629 notice

1658 2645 1688 2695 οἰ
1700 2645 1744 2695 the
1754 2645 1812 2708 abp.

1659 2712 1780 2762 Thomas.

1684 2799 1713 2844 21
1728 2793 1791 2845 Dec.

598 3423 700 3501 dieue,
731 3422 775 3487 ad
811 3422 1001 3499 Theobaldi,
1043 3421 1293 3486 Canthariensis
1331 3422 1574 3510 archiepiscopi,
1613 3446 1647 3489 se
1736 3434 1745 3448 ⁴

598 3524 738 3590 contulit
756 3523 972 3603 famulatum
996 3523 1062 3602 ubi,
1079 3522 1244 3589 industria
1266 3531 1482 3611 promerente,
1499 3526 1535 3590 in
1553 3526 1646 3591 brevi

579 3627 686 3693 .inter
712 3625 850 3709 majores
872 3626 972 3691 curiae
993 3647 1062 3690 suae
1085 3625 1248 3712 ascriptus
1271 3631 1322 3691 est
1344 3633 1378 3691 et
1400 3632 1583 3713 provectus,
1599 3629 1649 3692 ita

579 3725 659 3795 ‚ut³
682 3728 712 3793 ei
730 3726 1004 3805 familiarissimus
1020 3726 1206 3792 haberetur.
1253 3729 1401 3792 Primum
1421 3733 1531 3795 autem
1549 3729 1647 3795 bene-

578 3832 709 3899 .ficium
731 3829 879 3917 optinuit
901 3831 942 3894 ab
965 3829 1098 3895 ecclesia
1122 3827 1236 3894 Sancti
1253 3830 1387 3910 Albani,
1404 3831 1526 3896 scihcet
1549 3831 1647 3897 eccle-

578 3933 714 4000 siclam
728 3933 769 3997 de
788 3932 989 4009 Brentefeld
1006 3932 1181 3997 caritative
1197 3930 1377 3998 collatum⁴
1423 3931 1514 4011 Quot
1536 3938 1649 3999 autem

598 4041 632 4103 et
647 4039 789 4123 quantos
812 4033 860 4098 ibi
882 4032 1010 4099 labores
1032 4056 1092 4120 pro
1115 4033 1249 4099 ecclesia
1271 4034 1335 4099 Dei
1363 4034 1545 4121 pertulerit,
1570 4054 1650 4121 quo

596 4137 747 4224 tiensque
770 4159 829 4223 pro
852 4136 1066 4223 expediendis
1099 4135 1213 4201 arduis
1246 4135 1388 4221 negotiis
1425 4137 1647 4221 apostolorum

596 4239 712 4305 limina
733 4238 919 4325 expetierit,
942 4260 1041 4325 quam
1064 4238 1151 4304 felici
1174 4237 1266 4304 exitu
1291 4236 1355 4302 sibi
1377 4237 1529 4323 injuncta
1551 4259 1648 4326 expe

596 4342 705 4421 dimit,
728 4363 795 4406 non
827 4345 877 4406 est
906 4340 1002 4406 facile
1031 4341 1132 4418 dictu,
1163 4340 1347 4428 prasertim
1378 4360 1451 4404 oum
1482 4339 1518 4405 in
1543 4340 1648 4406 causis

596 4443 786 4531 perorandis
820 4448 854 4507 et
888 4441 1076 4507 decidendis
1110 4465 1148 4507 ac
1180 4442 1309 4529 populis
1340 4440 1542 4507 instruendis
1576 4448 1649 4509 tota

597 4547 667 4633 ejus
684 4545 828 4610 intentio
841 4549 1034 4609 versaretur.
1080 4543 1192 4610 Primo
1210 4544 1314 4631 igitur
1331 4566 1351 4608 a
1368 4545 1507 4630 praefato
1525 4546 1647 4611 archie-

597 4650 727 4737 piscopo
746 4648 782 4711 in
802 4645 1067 4712 archidiaconum
1089 4645 1360 4712 cantuariensem
1378 4652 1558 4734 promotus,
1573 4653 1648 4735 post

630 4868 677 4916 'A
694 4866 772 4917 blank
790 4863 952 4929 spaceislest
968 4864 1124 4963 heraandp
1179 4864 1280 4923 'idest
1292 4864 1345 4929 die]
1365 4866 1457 4921 Added
1469 4868 1495 4917 in
1507 4883 1586 4934 marg.

596 4963 625 4997 so
643 4946 671 4994 in
691 4945 739 5005 F.;
765 4945 810 4993 but
832 4942 875 4994 the
894 4957 969 4993 neme
989 4940 1099 4992 Gitberto
1120 4975 1123 5062 p
1178 4944 1239 5007 ἰή]
1259 4942 1406 4994 Interlined.

599 5024 690 5074 Bectet
701 5024 747 5073 has
758 5023 822 5072 been
834 5021 951 5086 suppHed
958 5022 984 5070 in
994 5022 1037 5071 the
1044 5028 1100 5071 text
1179 5023 1188 5050 ⁴
1200 5019 1309 5069 maus
1322 5057 1328 5070 .
1341 5059 1347 5070 .
1361 5059 1366 5071 .
1379 5022 1506 5090 collatam]
1521 5027 1612 5077 Added
1620 5029 1646 5078 in

597 5102 685 5169 hythe
697 5102 767 5151 hand
775 5101 806 5151 ot
812 5100 868 5164 abp.
881 5100 985 5151 Puker.
1120 5079 1124 5156 i
1145 5115 1234 5166 marg..
1246 5101 1295 5151 and
1306 5100 1417 5152 inserted
1428 5102 1454 5153 in
1466 5104 1560 5154 textos
1567 5105 1597 5156 F.
