4442 6392
595 1159 641 1207 nn
665 1158 825 1207 raurosn
847 1157 948 1206 nuors
965 1157 1135 1205 ursanum
1160 1158 1320 1219 succum,
1337 1159 1403 1207 vlu.
1420 1159 1511 1208 nunu.
1538 1146 1602 1209 103

549 1330 694 1390 ruerunt.
742 1325 839 1391 Cives
872 1346 951 1388 vero
984 1324 1024 1388 de
1057 1329 1153 1388 nocte
1184 1324 1268 1389 clam
1298 1346 1432 1389 suorum
1466 1348 1600 1413 corpora
1612 1351 1680 1404 Μ),
1696 1360 1768 1406 1098,

551 1426 780 1493 defunctorum
812 1427 946 1513 lugubri
977 1425 1157 1513 sepulturae
1192 1426 1425 1506 tradiderunt;
1465 1428 1522 1492 sed
1559 1429 1600 1493 de

552 1530 670 1596 nostris
711 1530 911 1617 pauperibus
950 1530 1086 1614 quidam
1133 1530 1323 1608 nebulones,
1362 1552 1443 1614 quos
1480 1531 1600 1616 vulgus

531 1631 691 1697 ribaldos
725 1636 829 1707 vocat,
874 1631 990 1696 lunera
1024 1653 1135 1696 eorum
1168 1630 1367 1712 effodientes,
1414 1654 1532 1696 aurum
1566 1640 1601 1697 et

549 1738 657 1800 vestes
679 1733 838 1819 pretiosas
860 1755 901 1798 ex
925 1734 1063 1820 sepultis
1086 1730 1224 1799 canibus
1246 1733 1484 1799 eutranertmt.l

608 2032 658 2098 De
682 2031 811 2099 duobus
834 2031 976 2101 utilibus
999 2055 1164 2119 coetorum
1187 2055 1208 2098 o
1227 2033 1421 2119 peregrinis
1443 2039 1538 2099 route

998 2135 1147 2202 lucratis.

381 2288 537 2354 Rogwtend.
593 2268 672 2337 Post
695 2273 780 2337 hanc
801 2277 913 2338 autem
935 2273 1108 2338 victoriam
1132 2270 1294 2337 divinitus
1317 2271 1497 2359 peregrinis
1519 2293 1595 2337 con·
1608 2285 1755 2340 Tvothou.

412 2355 440 2406 ἢ·
454 2360 508 2407 ¹⁰⁴·
547 2396 677 2453 cessam,
710 2398 783 2440 cum
818 2381 924 2440 castra
961 2397 1048 2441 nova
1084 2375 1236 2461 quaedam
1274 2380 1308 2440 et
1346 2375 1513 2439 machinas
1550 2351 1764 2484 adffifflffl

545 2477 635 2542 urbis
676 2478 953 2566 expugnationem
988 2479 1261 2558 construxissent,
1295 2477 1472 2542 audierunt
1505 2477 1697 2566 quodbytue

546 2579 641 2657 cives
666 2603 725 2666 pro
748 2581 877 2646 defectu
908 2580 1029 2668 pabuli,
1054 2581 1097 2645 ad
1126 2581 1232 2646 locum
1262 2579 1428 2666 quendam
1458 2553 1751 2666 pascua-chum·

551 2679 614 2745 lem
649 2704 748 2768 equos
781 2705 856 2748 suos
888 2688 1127 2749 consueverant
1160 2682 1332 2760 destinare,
1366 2681 1424 2768 qui
1454 2682 1514 2746 vix
1552 2682 1594 2747 ab

551 2781 630 2849 urbe
660 2781 746 2851 iiii⁰”.
776 2785 961 2850 miliaribus
991 2785 1115 2851 distare
1139 2785 1323 2851 videbatur.
1369 2785 1467 2866 Quod
1489 2783 1596 2849 nostri

548 2892 785 2973 cognoscentes,
825 2892 858 2952 et
896 2888 938 2952 ad
976 2887 1082 2953 locum
1121 2895 1337 2954 memoratum
1374 2891 1595 2974 properantes,

546 2990 657 3056 occisis
695 2992 753 3077 qui
790 2992 947 3055 armentis
986 2996 1021 3056 et
1059 2991 1193 3077 equitiis
1234 3000 1409 3077 praeerant,
1447 2988 1594 3075 exceptis

545 3094 643 3157 mulis
675 3099 709 3158 et
741 3092 899 3173 mulabus,
933 3092 999 3158 duo
1032 3089 1125 3158 milia
1163 3115 1320 3180 equorum
1353 3091 1516 3157 nobilium
1550 3089 1593 3155 ad

544 3200 651 3259 castra
678 3195 894 3260 deduxerunt.
942 3196 1004 3259 Per
1034 3197 1122 3260 idem
1153 3200 1284 3283 tempus
1314 3217 1444 3281 quoque
1475 3194 1592 3258 Balde·

543 3298 674 3379 uuinus,
697 3297 790 3363 ducis
830 3296 1001 3363 Godefridi
1040 3298 1150 3377 frater,
1184 3300 1250 3384 qui,
1289 3304 1328 3364 ut
1366 3299 1491 3363 dictum
1531 3301 1720 3376 ectheseos

545 3401 701 3466 Edessam
739 3401 911 3466 civitatem
949 3401 1013 3466 sibi
1050 3398 1294 3488 subjugaverat,
1329 3401 1465 3466 audiens
1503 3398 1590 3485 quod
1601 3381 1752 3499 {efflmo

544 3505 706 3591 peregrini
729 3527 849 3590 magna
871 3526 979 3568 rerum
1003 3504 1191 3569 laborarent
1220 3504 1341 3590 inopia,
1364 3502 1472 3568 missis
1495 3500 1590 3566 donis
1601 3511 1643 3562 the
1655 3528 1733 3580 army.

543 3608 731 3694 ingentibus
749 3608 784 3671 in
807 3629 895 3683 aure,
912 3613 1058 3693 argento,
1087 3609 1232 3693 gemmis,
1253 3606 1422 3683 olosericis,
1440 3610 1475 3670 et
1497 3606 1589 3688 equis

543 3711 701 3798 pretiosis,
725 3732 795 3774 rem
818 3710 1001 3795 principum
1032 3709 1178 3774 reddidit
1204 3709 1401 3793 ampliorem.
1448 3707 1621 3794 Insuperq
1633 3721 1740 3789 Dequi-

543 3820 654 3879 autem
692 3819 727 3878 et
760 3814 844 3892 duci,
883 3811 977 3877 fratri
1015 3834 1082 3890 suo,
1121 3811 1184 3875 de2
1231 3817 1319 3876 terra
1353 3809 1474 3896 quam³
1503 3788 1710 3921 circnma

545 3917 703 3981 Eufraten
726 3914 923 4002 possidebat,
937 3936 1049 3978 omnes
1071 3913 1221 3978 redditus
1243 3915 1280 3977 in
1302 3913 1475 3991 frumento,
1499 3912 1586 3986 vino,
1598 3925 1713 3977 exeunte.

544 4017 687 4084 horde0⁴
710 4024 745 4083 et
775 4017 853 4097 oleo,
877 4039 1004 4082 necnon
1032 4022 1066 4081 et
1087 4037 1268 4093 aureorum,
1293 4014 1588 4100 qnaelm.au1co-

543 4120 641 4189 rum⁵
664 4142 836 4186 numerum
858 4121 1040 4196 excederet,
1064 4119 1252 4184 destinavit.

577 4419 765 4484 'extraxeruntJ
782 4418 1039 4478 extraxheruut,bls.
1083 4416 1148 4467 from
1166 4417 1237 4468 Will.
1258 4416 1328 4480 Tyr,
1338 4431 1361 4479 p.
1373 4419 1428 4464 70³.
1464 4413 1586 4464 Thereis

575 4501 637 4566 ede]
657 4515 712 4564 quoe
724 4500 763 4557 de,
779 4498 844 4557 MS,
857 4498 906 4546 and
917 4512 945 4546 so
958 4497 998 4546 W.
1010 4497 1039 4545 F.
1085 4513 1119 4546 uo
1130 4497 1263 4562 repetition
1274 4496 1304 4545 of
1316 4495 1358 4544 the
1375 4508 1487 4558 pronouu
1504 4492 1531 4542 in
1542 4491 1585 4556 W,

543 4579 598 4630 rae
611 4579 686 4629 uss.
698 4576 812 4628 nen.
833 4576 895 4626 omit
912 4591 972 4640 qua,
990 4577 1040 4624 ano
1060 4556 1063 4636 l
1085 4577 1118 4626 n
1132 4577 1159 4627 c.
1172 4577 1204 4625 n.

543 4659 585 4708 the
596 4659 697 4722 printed
708 4664 762 4707 text
772 4656 803 4704 ot'
810 4656 954 4706 Wendorer
968 4656 1040 4703 reads
1118 4657 1127 4685 ⁴
1138 4655 1237 4721 hordeo]
1256 4655 1339 4715 ordeo,
1352 4653 1408 4703 MS.

542 4738 631 4802 quide,
644 4737 726 4787 which
740 4736 761 4784 is
773 4734 900 4800 evidently
912 4749 1006 4797 wrong.
1060 4756 1062 4796 ς
1118 4735 1277 4798 ⁵cataractam]
1296 4731 1525 4799 Repentedalsoin
1538 4732 1567 4782 F.

575 4817 678 4881 'qrranq
698 4831 762 4880 quae,
780 4815 836 4865 MS.
849 4816 898 4864 aud
910 4815 939 4863 F.
969 4814 1038 4863 Corr.
1060 4821 1062 4862 Ι
