4442 6392
667 1203 732 1273 274
808 1216 974 1267 lIA'I'I'HAEI
997 1214 1211 1266 PARISIENSIS
1234 1213 1397 1266 HISTORIA
1418 1214 1620 1268 suetonum.

499 1413 569 1467 AJ).
583 1417 655 1463 114³.
667 1396 756 1461 inter
793 1393 964 1482 praedones
998 1415 1073 1460 suos
1104 1397 1184 1459 ente
1222 1395 1331 1480 ipsum
1362 1395 1601 1460 monesterium
1624 1397 1721 1475 solus,

667 1498 812 1569 uescitur
834 1519 899 1584 quo
923 1519 1006 1578 casu,
1031 1497 1333 1563 excommunicatus
1355 1504 1523 1584 peremtus
1545 1505 1604 1566 est.

831 1814 869 1881 N
867 1821 930 1895 oto,
955 1813 1045 1901 quod
1063 1813 1274 1901 stratumne·
1295 1820 1560 1899 transgressores.

501 1979 606 2030 Fateor
715 1969 842 2035 Eodem
872 1991 950 2035 vero
980 1974 1128 2056 tempore
1159 1969 1349 2048 Geufridus‚
1371 1969 1484 2034 consul
1515 1970 1554 2034 de
1587 1965 1908 2046 Mando-Regnent

501 2046 651 2165 ffssffi„
672 2073 761 2154 villa,
786 2074 843 2159 qui
866 2073 1033 2139 consimile
1056 2072 1160 2138 scelus
1182 2073 1220 2136 in
1246 2072 1380 2139 ecelesia
1411 2072 1615 2138 Ramesiensi
1638 2093 1744 2158 prae·
1772 2041 1875 2088 ΗΜ·

502 2180 562 2230 vine
573 2182 623 2261 πυρὶ
672 2182 767 2263 cepto
785 2177 839 2241 vel
856 2176 1066 2262 permissione
1084 2175 1172 2263 regis
1192 2174 1354 2262 Stephani
1375 2176 1591 2256 commiserat,
1607 2174 1746 2252 ultore,-

448 2311 453 2319 ·
501 2248 714 2366 ffiffieut
747 2281 901 2358 creditur,
941 2279 1039 2344 beato
1074 2278 1261 2358 Benedicto,
1296 2285 1375 2345 ante
1412 2280 1517 2366 ipsam
1555 2277 1744 2344 eeclesiam·

501 2380 604 2434 chumh.
672 2385 762 2450 inter
784 2389 949 2451 consertes
969 2404 1104 2449 suorum
1127 2383 1212 2447 acies
1233 2405 1255 2448 a
1276 2383 1388 2469 pedite
1406 2383 1558 2470 quodam,
1578 2382 1724 2448 nescitur

673 2511 738 2574 qua
757 2511 862 2569 cause,
878 2487 967 2555 selus
981 2487 1107 2574 sagitte
1126 2485 1320 2573 percussus,¹
1335 2486 1488 2553 occubuit
1506 2487 1744 2553 interfectus?-

672 2592 726 2670 Et,
759 2591 847 2677 quod
879 2590 1029 2656 mirabile
1062 2590 1171 2655 relatu
1206 2594 1266 2667 est,
1299 2589 1431 2655 eeclesia
1462 2589 1633 2670 iliadum
1662 2611 1724 2676 pro

671 2693 804 2761 castello
827 2698 1003 2774 feneretur,
1027 2714 1048 2757 a
1070 2693 1137 2757 suis
1159 2691 1341 2778 parietibus
1363 2694 1556 2779 sanguinem
1580 2692 1724 2758 ubertim

672 2797 791 2876 emisit,
811 2795 1072 2882 indignationem
1091 2795 1241 2859 divinam
1259 2795 1484 2861 manifestans.
1531 2796 1726 2883 Arnulphus

672 2901 782 2976 etiam,
807 2899 953 2984 ejusdem
977 2898 1107 2962 comitis
1130 2898 1227 2976 filius,
1251 2899 1310 2984 qui
1340 2905 1416 2986 post
1447 2906 1588 2965 mortem
1620 2900 1736 2986 patria

628 2995 631 3003 ’
672 3001 840 3067 ecclesiam
864 2999 955 3064 illem
979 3021 1038 3086 pro
1062 3000 1195 3066 castello
1218 3001 1364 3078 tenebat,
1387 3025 1408 3066 a
1433 3024 1509 3089 rege
1536 3009 1652 3090 eaptus
1674 3008 1725 3067 est

672 3110 707 3170 et
729 3104 829 3169 exilio
852 3104 1118 3189 condempnatus,
1174 3104 1328 3190 Princeps
1360 3106 1461 3170 etiem
1494 3105 1624 3172 militiae
1654 3126 1725 3170 suae

671 3208 713 3273 ab
745 3228 830 3292 equo
864 3227 1024 3284 corruens,
1058 3206 1189 3273 cerebro
1224 3206 1296 3271 fuso
1330 3208 1505 3294 expiravit.
1563 3208 1724 3294 Magister

670 3312 805 3397 insuper
838 3308 988 3396 peditum
1021 3309 1193 3390 Reinerus‚
1227 3310 1426 3376 monasteria
1460 3311 1577 3376 solitus
1608 3310 1722 3375 incen·
1735 3312 1905 3396 Ros-Wend

670 3414 746 3479 dere
781 3416 815 3497 et
848 3411 1059 3499 confringere,
1093 3434 1167 3477 cum
1200 3412 1338 3478 exulans
1370 3414 1609 3495 transfretaret,
1637 3435 1742 3479 nau·.
1770 3382 1799 3433 ὴ·
1813 3389 1875 3439 ²³⁶·

669 3516 774 3604 fregio
800 3515 909 3603 periit,
930 3516 1005 3602 igne
1028 3515 1185 3581 Tartareo
1207 3517 1467 3583 concremandus.
1500 3516 1588 3598 Quid
1603 3516 1741 3604 plural.

671 3619 802 3701 Omnes,
826 3641 906 3706 quos
928 3639 995 3683 non
1017 3617 1161 3683 salvavit
1191 3618 1306 3684 tabule
1337 3620 1545 3705 poenitentiae
1568 3624 1603 3685 et
1624 3619 1742 3685 setis.

668 3720 828 3800 fectionis,
868 3721 1010 3788 eeclesiae
1047 3719 1223 3787 violatores
1256 3721 1406 3788 horribili
1442 3723 1568 3789 ultione
1606 3722 1741 3812 punie.

668 3823 798 3890 buntur.

738 4107 935 4195 (lanfr-idus
958 4131 1062 4174 comcs
1084 4109 1127 4174 in
1149 4108 1409 4176 Narniensium
1433 4111 1640 4177 (lancinatur.

501 4263 621 4330 Geoffrey
715 4257 905 4344 Eodemque
936 4281 1024 4323 enno
1057 4258 1243 4339 (laufridus,
1279 4283 1386 4326 comes
1417 4261 1675 4348 Andegevensis,
1701 4267 1911 4337 alios-Wend.

499 4332 625 4448 {megs
670 4362 797 4427 civibus
821 4362 1143 4449 Rothomagensibus
1166 4363 1391 4451 sollempniter·
1412 4371 1580 4452 susceptus
1603 4372 1662 4446 est,
1686 4373 1722 4434 et
1772 4338 1801 4390 ἢ·
1815 4348 1880 4396 ²³⁶·

499 4463 610 4581 ἑξῑξὲἓ
622 4466 652 4515 of
670 4466 797 4533 exinde·
813 4466 882 4531 dux
906 4465 1122 4533 Normenniae
1146 4467 1351 4554 appellatus.³

499 4595 655 4665 Normandy.

702 4773 707 4801 ¹
717 4770 864 4835 percursus]
888 4770 1033 4835 Originally
1052 4772 1173 4835 percurrit
1218 4772 1267 4832 F.;
1290 4775 1335 4822 but
1363 4772 1491 4838 evidently
1514 4790 1546 4823 nu
1570 4787 1647 4833 error,
1669 4776 1722 4824 end
1743 4815 1751 4827 .

667 4851 730 4910 (end
750 4864 777 4900 so
797 4849 888 4913 ins),
905 4851 950 4900 but
967 4851 1092 4901 corrected
1109 4851 1171 4914 bya
1217 4868 1280 4903 corr.
1292 4853 1356 4902 from
1368 4853 1410 4902 W.
1423 4855 1457 4903 A.
1470 4854 1499 4905 C.
1511 4854 1543 4904 D.

667 4930 732 4980 later
742 4929 819 4979 hand.
1250 4933 1258 4959 ³
1270 4930 1421 4998 appellatus]
1440 4933 1571 4996 apellatus,
1582 4932 1640 4983 MS.

699 5009 875 5074 'interfictsd
895 5010 1039 5071 Intestetus,
1052 5010 1108 5061 llS.
1120 5012 1170 5060 end
