<?xml version="1.0" encoding="UTF-8"?>
<!DOCTYPE html PUBLIC "-//W3C//DTD XHTML 1.0 Transitional//EN"
    "http://www.w3.org/TR/xhtml1/DTD/xhtml1-transitional.dtd">
<html xmlns="http://www.w3.org/1999/xhtml" xml:lang="en" lang="en">
 <head>
  <title>
</title>
<meta http-equiv="Content-Type" content="text/html;charset=utf-8" />
  <meta name='ocr-system' content='tesseract 3.04.00' />
  <meta name='ocr-capabilities' content='ocr_page ocr_carea ocr_par ocr_line ocrx_word'/>
</head>
<body>
  <div class='ocr_page' id='page_1' title='image "./matthiparisiens01parigoog/matthiparisiens01parigoog_0464.png"; bbox 0 0 4442 6392; ppageno 0'>
   <div class='ocr_carea' id='block_1_1' title="bbox 655 1175 1593 1247">
    <p class='ocr_par' dir='ltr' id='par_1_1' title="bbox 655 1175 1593 1247">
     <span class='ocr_line' id='line_1_1' title="bbox 655 1175 1593 1247; baseline -0.004 -4"><span class='ocrx_word' id='word_1_1' title='bbox 655 1175 721 1247; x_wconf 82' lang='lat'>376</span> <span class='ocrx_word' id='word_1_2' title='bbox 782 1189 949 1241; x_wconf 67' lang='lat' dir='ltr'>ulmum</span> <span class='ocrx_word' id='word_1_3' title='bbox 972 1191 1186 1243; x_wconf 78' lang='lat' dir='ltr'>mmsmnsis</span> <span class='ocrx_word' id='word_1_4' title='bbox 1208 1189 1371 1242; x_wconf 75' lang='lat' dir='ltr'>aramius</span> <span class='ocrx_word' id='word_1_5' title='bbox 1392 1189 1593 1241; x_wconf 75' lang='lat' dir='ltr'>uuomauu.</span> 
     </span>
    </p>
   </div>
   <div class='ocr_carea' id='block_1_2' title="bbox 489 1365 1705 2584">
    <p class='ocr_par' dir='ltr' id='par_1_2' title="bbox 489 1365 1705 2071">
     <span class='ocr_line' id='line_1_2' title="bbox 489 1365 1704 1455; baseline -0.002 -23"><span class='ocrx_word' id='word_1_6' title='bbox 489 1369 559 1423; x_wconf 70' lang='grc' dir='ltr'>Μ).</span> <span class='ocrx_word' id='word_1_7' title='bbox 572 1367 766 1446; x_wconf 68' lang='lat' dir='ltr'>suasionis,</span> <span class='ocrx_word' id='word_1_8' title='bbox 788 1366 937 1433; x_wconf 85' lang='lat' dir='ltr'>fidelium</span> <span class='ocrx_word' id='word_1_9' title='bbox 948 1365 1024 1455; x_wconf 83' lang='lat' dir='ltr'>jugi</span> <span class='ocrx_word' id='word_1_10' title='bbox 1046 1366 1286 1454; x_wconf 75' lang='lat' dir='ltr'>supplicatione</span> <span class='ocrx_word' id='word_1_11' title='bbox 1309 1366 1460 1453; x_wconf 85' lang='lat' dir='ltr'>pulsatus</span> <span class='ocrx_word' id='word_1_12' title='bbox 1481 1366 1571 1453; x_wconf 89' lang='lat' dir='ltr'>apud</span> <span class='ocrx_word' id='word_1_13' title='bbox 1595 1365 1704 1430; x_wconf 93' lang='lat' dir='ltr'>Deum</span> 
     </span>
     <span class='ocr_line' id='line_1_3' title="bbox 656 1467 1704 1557; baseline -0.002 -23"><span class='ocrx_word' id='word_1_14' title='bbox 656 1490 716 1557; x_wconf 94' lang='lat' dir='ltr'>pro</span> <span class='ocrx_word' id='word_1_15' title='bbox 738 1469 833 1536; x_wconf 89' lang='lat' dir='ltr'>vobis</span> <span class='ocrx_word' id='word_1_16' title='bbox 863 1467 1075 1536; x_wconf 85' lang='lat' dir='ltr'>intercedat&#39;&#39;</span> <span class='ocrx_word' id='word_1_17' title='bbox 1119 1468 1278 1555; x_wconf 82' lang='lat' dir='ltr'>Apicibus</span> <span class='ocrx_word' id='word_1_18' title='bbox 1307 1475 1421 1535; x_wconf 86' lang='lat' dir='ltr'>autem</span> <span class='ocrx_word' id='word_1_19' title='bbox 1453 1468 1514 1534; x_wconf 88' lang='lat' dir='ltr'>vix</span> <span class='ocrx_word' id='word_1_20' title='bbox 1545 1469 1704 1555; x_wconf 74' lang='lat' dir='ltr'>perlectis,</span> 
     </span>
     <span class='ocr_line' id='line_1_4' title="bbox 656 1570 1703 1649; baseline -0.001 -13"><span class='ocrx_word' id='word_1_21' title='bbox 656 1572 851 1638; x_wconf 87' lang='lat' dir='ltr'>levaverunt</span> <span class='ocrx_word' id='word_1_22' title='bbox 874 1593 987 1638; x_wconf 89' lang='lat' dir='ltr'>vocem</span> <span class='ocrx_word' id='word_1_23' title='bbox 1010 1592 1123 1637; x_wconf 87' lang='lat' dir='ltr'>omnes</span> <span class='ocrx_word' id='word_1_24' title='bbox 1137 1571 1174 1636; x_wconf 90' lang='lat' dir='ltr'>in</span> <span class='ocrx_word' id='word_1_25' title='bbox 1189 1571 1316 1636; x_wconf 89' lang='lat' dir='ltr'>sullime</span> <span class='ocrx_word' id='word_1_26' title='bbox 1331 1571 1485 1649; x_wconf 87' lang='lat' dir='ltr'>dicentes,</span> <span class='ocrx_word' id='word_1_27' title='bbox 1503 1579 1521 1607; x_wconf 89' lang='lat'><strong>“</strong></span> <span class='ocrx_word' id='word_1_28' title='bbox 1532 1570 1579 1637; x_wconf 83' lang='lat' dir='ltr'>Te</span> <span class='ocrx_word' id='word_1_29' title='bbox 1595 1570 1703 1636; x_wconf 89' lang='lat' dir='ltr'>Deum</span> 
     </span>
     <span class='ocr_line' id='line_1_5' title="bbox 655 1673 1702 1760; baseline -0.004 -20"><span class='ocrx_word' id='word_1_30' title='bbox 655 1673 855 1753; x_wconf 88' lang='lat' dir='ltr'>laudamus,”</span> <span class='ocrx_word' id='word_1_31' title='bbox 877 1679 937 1740; x_wconf 84' lang='lat' dir='ltr'>etc</span> <span class='ocrx_word' id='word_1_32' title='bbox 992 1673 1038 1739; x_wconf 86' lang='lat' dir='ltr'>Et</span> <span class='ocrx_word' id='word_1_33' title='bbox 1059 1675 1217 1760; x_wconf 89' lang='lat' dir='ltr'>quoniam</span> <span class='ocrx_word' id='word_1_34' title='bbox 1239 1673 1438 1760; x_wconf 84' lang='lat' dir='ltr'>suffraganei</span> <span class='ocrx_word' id='word_1_35' title='bbox 1460 1674 1531 1760; x_wconf 88' lang='lat' dir='ltr'>ejus</span> <span class='ocrx_word' id='word_1_36' title='bbox 1554 1674 1702 1739; x_wconf 77' lang='lat' dir='ltr'>debitam</span> 
     </span>
     <span class='ocr_line' id='line_1_6' title="bbox 655 1776 1705 1866; baseline -0.002 -25"><span class='ocrx_word' id='word_1_37' title='bbox 655 1779 744 1866; x_wconf 86' lang='lat' dir='ltr'>patri</span> <span class='ocrx_word' id='word_1_38' title='bbox 775 1778 1004 1859; x_wconf 87' lang='lat' dir='ltr'>reverentiam,</span> <span class='ocrx_word' id='word_1_39' title='bbox 1031 1781 1092 1843; x_wconf 91' lang='lat' dir='ltr'>aut</span> <span class='ocrx_word' id='word_1_40' title='bbox 1120 1777 1272 1843; x_wconf 78' lang='lat' dir='ltr'>exulanti</span> <span class='ocrx_word' id='word_1_41' title='bbox 1301 1783 1361 1843; x_wconf 87' lang='lat' dir='ltr'>aut</span> <span class='ocrx_word' id='word_1_42' title='bbox 1391 1778 1434 1842; x_wconf 91' lang='lat' dir='ltr'>ab</span> <span class='ocrx_word' id='word_1_43' title='bbox 1467 1776 1566 1842; x_wconf 84' lang='lat' dir='ltr'>exilio</span> <span class='ocrx_word' id='word_1_44' title='bbox 1596 1797 1705 1841; x_wconf 90' lang='lat' dir='ltr'>rever·</span> 
     </span>
     <span class='ocr_line' id='line_1_7' title="bbox 655 1878 1704 1965; baseline -0.005 -19"><span class='ocrx_word' id='word_1_45' title='bbox 655 1880 753 1958; x_wconf 87' lang='lat' dir='ltr'>tenti,</span> <span class='ocrx_word' id='word_1_46' title='bbox 775 1881 830 1947; x_wconf 90' lang='lat' dir='ltr'>vel</span> <span class='ocrx_word' id='word_1_47' title='bbox 852 1880 954 1946; x_wconf 89' lang='lat' dir='ltr'>etiam</span> <span class='ocrx_word' id='word_1_48' title='bbox 985 1901 1119 1946; x_wconf 83' lang='lat' dir='ltr'>reverso</span> <span class='ocrx_word' id='word_1_49' title='bbox 1149 1901 1218 1946; x_wconf 90' lang='lat' dir='ltr'>non</span> <span class='ocrx_word' id='word_1_50' title='bbox 1248 1878 1478 1957; x_wconf 84' lang='lat' dir='ltr'>exhibuerant,</span> <span class='ocrx_word' id='word_1_51' title='bbox 1503 1879 1561 1945; x_wconf 89' lang='lat' dir='ltr'>sed</span> <span class='ocrx_word' id='word_1_52' title='bbox 1592 1878 1704 1965; x_wconf 86' lang='lat' dir='ltr'>potius</span> 
     </span>
     <span class='ocr_line' id='line_1_8' title="bbox 655 1981 1704 2071; baseline -0.005 -21"><span class='ocrx_word' id='word_1_53' title='bbox 655 1983 788 2050; x_wconf 85' lang='lat' dir='ltr'>fuerant</span> <span class='ocrx_word' id='word_1_54' title='bbox 821 1982 992 2071; x_wconf 88' lang='lat' dir='ltr'>persecuti,</span> <span class='ocrx_word' id='word_1_55' title='bbox 1024 1988 1063 2048; x_wconf 90' lang='lat' dir='ltr'>ut</span> <span class='ocrx_word' id='word_1_56' title='bbox 1094 2004 1191 2048; x_wconf 89' lang='lat' dir='ltr'>suum</span> <span class='ocrx_word' id='word_1_57' title='bbox 1225 1982 1355 2070; x_wconf 90' lang='lat' dir='ltr'>publice</span> <span class='ocrx_word' id='word_1_58' title='bbox 1385 1982 1537 2048; x_wconf 90' lang='lat' dir='ltr'>omnibus</span> <span class='ocrx_word' id='word_1_59' title='bbox 1568 1981 1704 2048; x_wconf 88' lang='lat' dir='ltr'>confite·</span> 
     </span>
    </p>

    <p class='ocr_par' dir='ltr' id='par_1_3' title="bbox 522 2083 1703 2171">
     <span class='ocr_line' id='line_1_9' title="bbox 522 2083 1703 2171; baseline -0.003 -21"><span class='ocrx_word' id='word_1_60' title='bbox 522 2099 601 2153; x_wconf 79' lang='lat' dir='ltr'>Noa.</span> <span class='ocrx_word' id='word_1_61' title='bbox 655 2091 772 2153; x_wconf 88' lang='lat' dir='ltr'>rentur</span> <span class='ocrx_word' id='word_1_62' title='bbox 803 2107 944 2152; x_wconf 86' lang='lat' dir='ltr'>errorem</span> <span class='ocrx_word' id='word_1_63' title='bbox 967 2088 1002 2151; x_wconf 88' lang='lat' dir='ltr'>et</span> <span class='ocrx_word' id='word_1_64' title='bbox 1023 2085 1246 2171; x_wconf 76' lang='lat' dir='ltr'>iniquitatem,</span> <span class='ocrx_word' id='word_1_65' title='bbox 1271 2107 1315 2150; x_wconf 91' lang='lat' dir='ltr'>ex</span> <span class='ocrx_word' id='word_1_66' title='bbox 1347 2106 1403 2150; x_wconf 93' lang='lat' dir='ltr'>ore</span> <span class='ocrx_word' id='word_1_67' title='bbox 1433 2085 1533 2150; x_wconf 88' lang='lat' dir='ltr'>unius</span> <span class='ocrx_word' id='word_1_68' title='bbox 1561 2083 1703 2171; x_wconf 81' lang='lat' dir='ltr'>episcopi</span> 
     </span>
    </p>

    <p class='ocr_par' dir='ltr' id='par_1_4' title="bbox 491 2166 1702 2285">
     <span class='ocr_line' id='line_1_10' title="bbox 491 2166 1702 2285; baseline -0.004 -30"><span class='ocrx_word' id='word_1_69' title='bbox 491 2166 604 2285; x_wconf 46' lang='lat' dir='ltr'>{fax}</span> <span class='ocrx_word' id='word_1_70' title='bbox 656 2189 804 2255; x_wconf 91' lang='lat' dir='ltr'>omnium</span> <span class='ocrx_word' id='word_1_71' title='bbox 832 2188 1058 2276; x_wconf 90' lang='lat' dir='ltr'>episcoporum</span> <span class='ocrx_word' id='word_1_72' title='bbox 1089 2193 1141 2253; x_wconf 85' lang='lat' dir='ltr'>est</span> <span class='ocrx_word' id='word_1_73' title='bbox 1174 2209 1327 2275; x_wconf 85' lang='lat' dir='ltr'>expressa</span> <span class='ocrx_word' id='word_1_74' title='bbox 1356 2187 1523 2266; x_wconf 88' lang='lat' dir='ltr'>confessio,</span> <span class='ocrx_word' id='word_1_75' title='bbox 1554 2186 1702 2264; x_wconf 83' lang='lat' dir='ltr'>dicentis,</span> 
     </span>
    </p>

    <p class='ocr_par' dir='ltr' id='par_1_5' title="bbox 491 2289 1704 2378">
     <span class='ocr_line' id='line_1_11' title="bbox 491 2289 1704 2378; baseline 0.003 -28"><span class='ocrx_word' id='word_1_76' title='bbox 491 2300 630 2351; x_wconf 70' lang='grc' dir='ltr'>αεῑωιώαε</span> <span class='ocrx_word' id='word_1_77' title='bbox 655 2296 674 2328; x_wconf 83' lang='lat'>“</span> <span class='ocrx_word' id='word_1_78' title='bbox 689 2291 824 2368; x_wconf 86' lang='lat' dir='ltr'>Adesto,</span> <span class='ocrx_word' id='word_1_79' title='bbox 848 2289 1000 2369; x_wconf 89' lang='lat' dir='ltr'>Domine,</span> <span class='ocrx_word' id='word_1_80' title='bbox 1030 2289 1325 2378; x_wconf 84' lang='lat' dir='ltr'>supplicationibus</span> <span class='ocrx_word' id='word_1_81' title='bbox 1350 2291 1481 2367; x_wconf 91' lang='lat' dir='ltr'>nostris,</span> <span class='ocrx_word' id='word_1_82' title='bbox 1514 2295 1554 2355; x_wconf 90' lang='lat' dir='ltr'>ut</span> <span class='ocrx_word' id='word_1_83' title='bbox 1581 2289 1704 2376; x_wconf 90' lang='lat' dir='ltr'>quiex</span> 
     </span>
    </p>

    <p class='ocr_par' dir='ltr' id='par_1_6' title="bbox 492 2376 1703 2484">
     <span class='ocr_line' id='line_1_12' title="bbox 492 2376 1703 2484; baseline -0.004 -23"><span class='ocrx_word' id='word_1_84' title='bbox 492 2376 624 2484; x_wconf 54' lang='lat' dir='ltr'>fflff</span> <span class='ocrx_word' id='word_1_85' title='bbox 654 2395 833 2481; x_wconf 85' lang='lat' dir='ltr'>iniquitate</span> <span class='ocrx_word' id='word_1_86' title='bbox 871 2396 986 2458; x_wconf 85' lang='lat' dir='ltr'>nostra</span> <span class='ocrx_word' id='word_1_87' title='bbox 1022 2415 1094 2459; x_wconf 90' lang='lat' dir='ltr'>reos</span> <span class='ocrx_word' id='word_1_88' title='bbox 1131 2415 1192 2459; x_wconf 92' lang='lat' dir='ltr'>nos</span> <span class='ocrx_word' id='word_1_89' title='bbox 1229 2416 1298 2459; x_wconf 88' lang='lat' dir='ltr'>esse</span> <span class='ocrx_word' id='word_1_90' title='bbox 1331 2393 1576 2481; x_wconf 84' lang='lat' dir='ltr'>cognoscimus,¹</span> <span class='ocrx_word' id='word_1_91' title='bbox 1612 2391 1703 2457; x_wconf 87' lang='lat' dir='ltr'>beati</span> 
     </span>
    </p>

    <p class='ocr_par' dir='ltr' id='par_1_7' title="bbox 490 2495 1704 2584">
     <span class='ocr_line' id='line_1_13' title="bbox 490 2495 1704 2584; baseline -0.002 -20"><span class='ocrx_word' id='word_1_92' title='bbox 490 2499 592 2581; x_wconf 66' lang='grc' dir='ltr'>Αζόσπξ,</span> <span class='ocrx_word' id='word_1_93' title='bbox 655 2498 800 2579; x_wconf 83' lang='lat' dir='ltr'>Thomas,</span> <span class='ocrx_word' id='word_1_94' title='bbox 837 2495 986 2562; x_wconf 89' lang='lat' dir='ltr'>martiris</span> <span class='ocrx_word' id='word_1_95' title='bbox 1023 2496 1076 2563; x_wconf 85' lang='lat' dir='ltr'>tui</span> <span class='ocrx_word' id='word_1_96' title='bbox 1113 2501 1215 2583; x_wconf 86' lang='lat' dir='ltr'>atque</span> <span class='ocrx_word' id='word_1_97' title='bbox 1258 2497 1434 2584; x_wconf 89' lang='lat' dir='ltr'>pontificis,</span> <span class='ocrx_word' id='word_1_98' title='bbox 1472 2496 1704 2562; x_wconf 82' lang='lat' dir='ltr'>intercessione</span> 
     </span>
    </p>
   </div>
   <div class='ocr_carea' id='block_1_3' title="bbox 486 2574 857 2701">
    <p class='ocr_par' dir='ltr' id='par_1_8' title="bbox 486 2574 857 2701">
     <span class='ocr_line' id='line_1_14' title="bbox 486 2574 857 2701; baseline 0 -35"><span class='ocrx_word' id='word_1_99' title='bbox 486 2574 610 2701; x_wconf 49' lang='lat' dir='ltr'>m,</span> <span class='ocrx_word' id='word_1_100' title='bbox 654 2599 857 2668; x_wconf 88' lang='lat' dir='ltr'>liberemur.’&#39;</span> 
     </span>
    </p>
   </div>
   <div class='ocr_carea' id='block_1_4' title="bbox 755 2844 1605 2934">
    <p class='ocr_par' dir='ltr' id='par_1_9' title="bbox 755 2844 1605 2934">
     <span class='ocr_line' id='line_1_15' title="bbox 755 2844 1605 2934; baseline -0.004 -19"><span class='ocrx_word' id='word_1_101' title='bbox 755 2847 859 2916; x_wconf 75' lang='lat' dir='ltr'>Soror·</span> <span class='ocrx_word' id='word_1_102' title='bbox 881 2845 968 2914; x_wconf 82' lang='lat' dir='ltr'>beuti</span> <span class='ocrx_word' id='word_1_103' title='bbox 993 2845 1126 2914; x_wconf 78' lang='lat' dir='ltr'>llmmoe</span> <span class='ocrx_word' id='word_1_104' title='bbox 1139 2847 1186 2934; x_wconf 84' lang='lat' dir='ltr'>fit</span> <span class='ocrx_word' id='word_1_105' title='bbox 1208 2845 1380 2914; x_wconf 78' lang='lat' dir='ltr'>abbatissa</span> <span class='ocrx_word' id='word_1_106' title='bbox 1402 2844 1605 2931; x_wconf 67' lang='lat' dir='ltr'>Berloiuqiae.</span> 
     </span>
    </p>
   </div>
   <div class='ocr_carea' id='block_1_5' title="bbox 487 2993 1877 3398">
    <p class='ocr_par' dir='ltr' id='par_1_10' title="bbox 487 2993 1877 3398">
     <span class='ocr_line' id='line_1_16' title="bbox 489 2993 1877 3081; baseline -0.014 -4"><span class='ocrx_word' id='word_1_107' title='bbox 489 2997 574 3076; x_wconf 63' lang='lat' dir='ltr'>nimy,</span> <span class='ocrx_word' id='word_1_108' title='bbox 700 2993 800 3060; x_wconf 85' lang='lat' dir='ltr'>Anno</span> <span class='ocrx_word' id='word_1_109' title='bbox 823 3017 952 3081; x_wconf 91' lang='lat' dir='ltr'>quoque</span> <span class='ocrx_word' id='word_1_110' title='bbox 968 2995 1030 3061; x_wconf 91' lang='lat' dir='ltr'>sub</span> <span class='ocrx_word' id='word_1_111' title='bbox 1053 2997 1167 3062; x_wconf 88' lang='lat' dir='ltr'>eodem</span> <span class='ocrx_word' id='word_1_112' title='bbox 1183 2997 1297 3075; x_wconf 83' lang='lat' dir='ltr'>Maria,</span> <span class='ocrx_word' id='word_1_113' title='bbox 1321 3018 1412 3062; x_wconf 89' lang='lat' dir='ltr'>soror</span> <span class='ocrx_word' id='word_1_114' title='bbox 1434 2995 1580 3081; x_wconf 89' lang='lat' dir='ltr'>ejusdem</span> <span class='ocrx_word' id='word_1_115' title='bbox 1595 2994 1702 3060; x_wconf 87' lang='lat' dir='ltr'>sancti</span> <span class='ocrx_word' id='word_1_116' title='bbox 1713 3001 1877 3081; x_wconf 61' lang='lat' dir='ltr'>Bupwmd.</span> 
     </span>
     <span class='ocr_line' id='line_1_17' title="bbox 487 3065 1846 3192; baseline -0.007 -24"><span class='ocrx_word' id='word_1_117' title='bbox 487 3065 626 3192; x_wconf 54' lang='lat' dir='ltr'>ffiessff,</span> <span class='ocrx_word' id='word_1_118' title='bbox 655 3096 809 3177; x_wconf 86' lang='lat' dir='ltr'>martiris,</span> <span class='ocrx_word' id='word_1_119' title='bbox 840 3119 916 3184; x_wconf 87' lang='lat' dir='ltr'>rege</span> <span class='ocrx_word' id='word_1_120' title='bbox 941 3097 1082 3183; x_wconf 89' lang='lat' dir='ltr'>jubente</span> <span class='ocrx_word' id='word_1_121' title='bbox 1104 3103 1139 3163; x_wconf 86' lang='lat' dir='ltr'>et</span> <span class='ocrx_word' id='word_1_122' title='bbox 1166 3100 1293 3165; x_wconf 89' lang='lat' dir='ltr'>meritis</span> <span class='ocrx_word' id='word_1_123' title='bbox 1320 3099 1388 3164; x_wconf 91' lang='lat' dir='ltr'>suis</span> <span class='ocrx_word' id='word_1_124' title='bbox 1411 3097 1630 3184; x_wconf 68' lang='lat' dir='ltr'>exigentibus</span> <span class='ocrx_word' id='word_1_125' title='bbox 1653 3103 1702 3163; x_wconf 88' lang='lat' dir='ltr'>est</span> <span class='ocrx_word' id='word_1_126' title='bbox 1726 3084 1773 3172; x_wconf 68' lang='lat'>‚¹¹·</span> <span class='ocrx_word' id='word_1_127' title='bbox 1787 3073 1846 3123; x_wconf 80' lang='lat'><strong>³⁷¹·</strong></span> 
     </span>
     <span class='ocr_line' id='line_1_18' title="bbox 488 3198 1719 3315; baseline -0.012 -44"><span class='ocrx_word' id='word_1_128' title='bbox 488 3198 617 3315; x_wconf 49' lang='lat' dir='ltr'><strong>ffessb·</strong></span> <span class='ocrx_word' id='word_1_129' title='bbox 654 3199 742 3265; x_wconf 87' lang='lat' dir='ltr'>facta</span> <span class='ocrx_word' id='word_1_130' title='bbox 779 3200 947 3266; x_wconf 88' lang='lat' dir='ltr'>abbatissa</span> <span class='ocrx_word' id='word_1_131' title='bbox 984 3200 1243 3288; x_wconf 72' lang='lat' dir='ltr'>Berkingensis,2</span> <span class='ocrx_word' id='word_1_132' title='bbox 1261 3218 1264 3222; x_wconf 85' lang='grc'><em>·</em></span> <span class='ocrx_word' id='word_1_133' title='bbox 1279 3210 1318 3267; x_wconf 91' lang='lat' dir='ltr'>ut</span> <span class='ocrx_word' id='word_1_134' title='bbox 1351 3201 1397 3268; x_wconf 89' lang='lat' dir='ltr'>sic</span> <span class='ocrx_word' id='word_1_135' title='bbox 1434 3199 1566 3286; x_wconf 84' lang='lat' dir='ltr'>genus³</span> <span class='ocrx_word' id='word_1_136' title='bbox 1604 3222 1719 3266; x_wconf 90' lang='lat' dir='ltr'>suum.</span> 
     </span>
     <span class='ocr_line' id='line_1_19' title="bbox 487 3280 1720 3398; baseline -0.015 -26"><span class='ocrx_word' id='word_1_137' title='bbox 487 3280 611 3398; x_wconf 54' lang='lat' dir='ltr'>Briking.</span> <span class='ocrx_word' id='word_1_138' title='bbox 654 3302 826 3368; x_wconf 88' lang='lat' dir='ltr'>videretur</span> <span class='ocrx_word' id='word_1_139' title='bbox 847 3303 891 3367; x_wconf 90' lang='lat' dir='ltr'>ad</span> <span class='ocrx_word' id='word_1_140' title='bbox 912 3302 1069 3368; x_wconf 85' lang='lat' dir='ltr'>honorem</span> <span class='ocrx_word' id='word_1_141' title='bbox 1091 3308 1285 3381; x_wconf 83' lang='lat' dir='ltr'>restaurare,</span> <span class='ocrx_word' id='word_1_142' title='bbox 1309 3303 1366 3390; x_wconf 91' lang='lat' dir='ltr'>qui</span> <span class='ocrx_word' id='word_1_143' title='bbox 1386 3303 1469 3368; x_wconf 89' lang='lat' dir='ltr'>illud</span> <span class='ocrx_word' id='word_1_144' title='bbox 1493 3306 1592 3367; x_wconf 75' lang='lat' dir='ltr'>antea</span> <span class='ocrx_word' id='word_1_145' title='bbox 1615 3302 1720 3367; x_wconf 74' lang='lat' dir='ltr'>mul..</span> 
     </span>
    </p>
   </div>
   <div class='ocr_carea' id='block_1_6' title="bbox 655 3405 1124 3494">
    <p class='ocr_par' dir='ltr' id='par_1_11' title="bbox 655 3405 1124 3494">
     <span class='ocr_line' id='line_1_20' title="bbox 655 3405 1124 3494; baseline 0 -22"><span class='ocrx_word' id='word_1_146' title='bbox 655 3405 761 3493; x_wconf 90' lang='lat' dir='ltr'>tiplici</span> <span class='ocrx_word' id='word_1_147' title='bbox 782 3406 935 3473; x_wconf 85' lang='lat' dir='ltr'>scandalo</span> <span class='ocrx_word' id='word_1_148' title='bbox 958 3406 1124 3494; x_wconf 83' lang='lat' dir='ltr'>fatigarat.</span> 
     </span>
    </p>
   </div>
   <div class='ocr_carea' id='block_1_7' title="bbox 683 3668 1754 3757">
    <p class='ocr_par' dir='ltr' id='par_1_12' title="bbox 683 3668 1754 3757">
     <span class='ocr_line' id='line_1_21' title="bbox 683 3668 1754 3757; baseline 0 -23"><span class='ocrx_word' id='word_1_149' title='bbox 683 3668 798 3735; x_wconf 80' lang='lat' dir='ltr'>Abbos</span> <span class='ocrx_word' id='word_1_150' title='bbox 819 3668 1001 3756; x_wconf 64' lang='lat' dir='ltr'>Rcdisrtpiau</span> <span class='ocrx_word' id='word_1_151' title='bbox 1025 3670 1072 3757; x_wconf 84' lang='lat' dir='ltr'>fit</span> <span class='ocrx_word' id='word_1_152' title='bbox 1104 3669 1377 3756; x_wconf 59' lang='lat' dir='ltr'>archicpiscopus</span> <span class='ocrx_word' id='word_1_153' title='bbox 1398 3668 1672 3755; x_wconf 73' lang='lat' dir='ltr'>Burdcpulcneia.</span> <span class='ocrx_word' id='word_1_154' title='bbox 1711 3725 1717 3737; x_wconf 92' lang='lat'>.</span> <span class='ocrx_word' id='word_1_155' title='bbox 1752 3745 1754 3747; x_wconf 17' lang='lat'>¹</span> 
     </span>
    </p>
   </div>
   <div class='ocr_carea' id='block_1_8' title="bbox 490 3816 1717 3904">
    <p class='ocr_par' dir='ltr' id='par_1_13' title="bbox 490 3816 1717 3904">
     <span class='ocr_line' id='line_1_22' title="bbox 490 3816 1717 3904; baseline 0.006 -28"><span class='ocrx_word' id='word_1_156' title='bbox 490 3825 547 3876; x_wconf 83' lang='lat' dir='ltr'>The</span> <span class='ocrx_word' id='word_1_157' title='bbox 558 3827 634 3876; x_wconf 78' lang='lat' dir='ltr'>abbat</span> <span class='ocrx_word' id='word_1_158' title='bbox 698 3816 858 3904; x_wconf 82' lang='lat' dir='ltr'>Tempore</span> <span class='ocrx_word' id='word_1_159' title='bbox 889 3838 1019 3904; x_wconf 89' lang='lat' dir='ltr'>quoque</span> <span class='ocrx_word' id='word_1_160' title='bbox 1049 3819 1111 3883; x_wconf 91' lang='lat' dir='ltr'>sub</span> <span class='ocrx_word' id='word_1_161' title='bbox 1146 3818 1260 3884; x_wconf 89' lang='lat' dir='ltr'>eodem</span> <span class='ocrx_word' id='word_1_162' title='bbox 1283 3816 1477 3892; x_wconf 75' lang='lat' dir='ltr'>willelmus,</span> <span class='ocrx_word' id='word_1_163' title='bbox 1506 3817 1608 3882; x_wconf 90' lang='lat' dir='ltr'>abbas</span> <span class='ocrx_word' id='word_1_164' title='bbox 1638 3816 1717 3883; x_wconf 75' lang='lat' dir='ltr'>Re.</span> 
     </span>
    </p>
   </div>
   <div class='ocr_carea' id='block_1_9' title="bbox 488 3893 1720 4024">
    <p class='ocr_par' dir='ltr' id='par_1_14' title="bbox 488 3893 1720 4024">
     <span class='ocr_line' id='line_1_23' title="bbox 488 3893 1720 4024; baseline -0.007 -35"><span class='ocrx_word' id='word_1_165' title='bbox 488 3893 643 4024; x_wconf 49' lang='lat' dir='ltr'>ssfffljssss</span> <span class='ocrx_word' id='word_1_166' title='bbox 655 3919 785 4006; x_wconf 72' lang='lat' dir='ltr'>dingiae</span> <span class='ocrx_word' id='word_1_167' title='bbox 819 3919 873 3984; x_wconf 85' lang='lat' dir='ltr'>vir</span> <span class='ocrx_word' id='word_1_168' title='bbox 903 3920 1037 4004; x_wconf 90' lang='lat' dir='ltr'>quidem</span> <span class='ocrx_word' id='word_1_169' title='bbox 1067 3921 1219 4007; x_wconf 88' lang='lat' dir='ltr'>prudens,</span> <span class='ocrx_word' id='word_1_170' title='bbox 1259 3919 1429 4006; x_wconf 86' lang='lat' dir='ltr'>religiosus</span> <span class='ocrx_word' id='word_1_171' title='bbox 1466 3924 1501 3984; x_wconf 87' lang='lat' dir='ltr'>et</span> <span class='ocrx_word' id='word_1_172' title='bbox 1534 3920 1720 4007; x_wconf 86' lang='lat' dir='ltr'>eleganter.</span> 
     </span>
    </p>
   </div>
   <div class='ocr_carea' id='block_1_10' title="bbox 488 4021 1720 4192">
    <p class='ocr_par' dir='ltr' id='par_1_15' title="bbox 488 4021 1720 4192">
     <span class='ocr_line' id='line_1_24' title="bbox 488 4021 1720 4191; baseline -0.001 -106"><span class='ocrx_word' id='word_1_173' title='bbox 488 4025 589 4145; x_wconf 49' lang='lat' dir='ltr'>mn</span> <span class='ocrx_word' id='word_1_174' title='bbox 653 4022 815 4191; x_wconf 51' lang='lat' dir='ltr'>pteram,</span> <span class='ocrx_word' id='word_1_175' title='bbox 846 4029 1034 4109; x_wconf 86' lang='lat' dir='ltr'>assumptus</span> <span class='ocrx_word' id='word_1_176' title='bbox 1064 4028 1115 4088; x_wconf 87' lang='lat' dir='ltr'>est</span> <span class='ocrx_word' id='word_1_177' title='bbox 1151 4023 1189 4087; x_wconf 89' lang='lat' dir='ltr'>in</span> <span class='ocrx_word' id='word_1_178' title='bbox 1226 4023 1504 4110; x_wconf 90' lang='lat' dir='ltr'>archiepiscopum</span> <span class='ocrx_word' id='word_1_179' title='bbox 1535 4021 1720 4108; x_wconf 75' lang='lat' dir='ltr'>Burdoga.</span> 
     </span>
     <span class='ocr_line' id='line_1_25' title="bbox 667 4146 785 4192; baseline -0.008 -1"><span class='ocrx_word' id='word_1_180' title='bbox 667 4146 785 4192; x_wconf 89' lang='lat' dir='ltr'>ensem.</span> 
     </span>
    </p>
   </div>
   <div class='ocr_carea' id='block_1_11' title="bbox 983 4333 1381 4403">
    <p class='ocr_par' dir='ltr' id='par_1_16' title="bbox 983 4333 1381 4403">
     <span class='ocr_line' id='line_1_26' title="bbox 983 4333 1381 4403; baseline -0.005 -1"><span class='ocrx_word' id='word_1_181' title='bbox 983 4333 1180 4403; x_wconf 64' lang='lat' dir='ltr'>&amp;ornacum</span> <span class='ocrx_word' id='word_1_182' title='bbox 1201 4334 1381 4402; x_wconf 76' lang='lat' dir='ltr'>obsidetur.</span> 
     </span>
    </p>
   </div>
   <div class='ocr_carea' id='block_1_12' title="bbox 425 4483 1877 4573">
    <p class='ocr_par' dir='ltr' id='par_1_17' title="bbox 425 4483 1877 4573">
     <span class='ocr_line' id='line_1_27' title="bbox 425 4483 1877 4573; baseline 0.007 -27"><span class='ocrx_word' id='word_1_183' title='bbox 425 4500 427 4505; x_wconf 86' lang='lat'>·</span> <span class='ocrx_word' id='word_1_184' title='bbox 489 4486 625 4553; x_wconf 72' lang='lat' dir='ltr'>stegcana</span> <span class='ocrx_word' id='word_1_185' title='bbox 700 4484 763 4550; x_wconf 88' lang='lat' dir='ltr'>Per</span> <span class='ocrx_word' id='word_1_186' title='bbox 796 4485 884 4552; x_wconf 90' lang='lat' dir='ltr'>idem</span> <span class='ocrx_word' id='word_1_187' title='bbox 918 4492 1051 4573; x_wconf 90' lang='lat' dir='ltr'>tempus</span> <span class='ocrx_word' id='word_1_188' title='bbox 1087 4509 1148 4552; x_wconf 89' lang='lat' dir='ltr'>rex</span> <span class='ocrx_word' id='word_1_189' title='bbox 1186 4487 1351 4552; x_wconf 89' lang='lat' dir='ltr'>Henricus</span> <span class='ocrx_word' id='word_1_190' title='bbox 1384 4483 1520 4573; x_wconf 85' lang='lat' dir='ltr'>juvenis</span> <span class='ocrx_word' id='word_1_191' title='bbox 1557 4488 1701 4549; x_wconf 89' lang='lat' dir='ltr'>castrum</span> <span class='ocrx_word' id='word_1_192' title='bbox 1712 4490 1877 4555; x_wconf 57' lang='lat' dir='ltr'>languens</span> 
     </span>
    </p>
   </div>
   <div class='ocr_carea' id='block_1_13' title="bbox 488 4555 1846 4677">
    <p class='ocr_par' dir='ltr' id='par_1_18' title="bbox 488 4555 1846 4677">
     <span class='ocr_line' id='line_1_28' title="bbox 488 4555 1846 4677; baseline -0.001 -25"><span class='ocrx_word' id='word_1_193' title='bbox 488 4555 632 4671; x_wconf 46' lang='lat' dir='ltr'>efflpffipf</span> <span class='ocrx_word' id='word_1_194' title='bbox 656 4586 798 4653; x_wconf 84' lang='lat' dir='ltr'>Gomaci</span> <span class='ocrx_word' id='word_1_195' title='bbox 829 4589 967 4670; x_wconf 86' lang='lat' dir='ltr'>obsedit,</span> <span class='ocrx_word' id='word_1_196' title='bbox 991 4594 1027 4655; x_wconf 89' lang='lat' dir='ltr'>et</span> <span class='ocrx_word' id='word_1_197' title='bbox 1059 4589 1148 4677; x_wconf 87' lang='lat' dir='ltr'>cepit</span> <span class='ocrx_word' id='word_1_198' title='bbox 1180 4589 1217 4653; x_wconf 92' lang='lat' dir='ltr'>in</span> <span class='ocrx_word' id='word_1_199' title='bbox 1249 4613 1287 4655; x_wconf 93' lang='lat' dir='ltr'>eo</span> <span class='ocrx_word' id='word_1_200' title='bbox 1311 4589 1500 4676; x_wconf 83' lang='lat' dir='ltr'>Hugonem,</span> <span class='ocrx_word' id='word_1_201' title='bbox 1529 4584 1702 4650; x_wconf 92' lang='lat' dir='ltr'>dominum</span> <span class='ocrx_word' id='word_1_202' title='bbox 1745 4557 1846 4612; x_wconf 53' lang='grc' dir='ltr'>ΜΠ·</span> 
     </span>
    </p>
   </div>
   <div class='ocr_carea' id='block_1_14' title="bbox 487 4687 1702 4819">
    <p class='ocr_par' dir='ltr' id='par_1_19' title="bbox 487 4687 1702 4819">
     <span class='ocr_line' id='line_1_29' title="bbox 487 4687 1702 4819; baseline 0.016 -83"><span class='ocrx_word' id='word_1_203' title='bbox 487 4687 612 4819; x_wconf 41' lang='lat' dir='ltr'>pipem-</span> <span class='ocrx_word' id='word_1_204' title='bbox 655 4691 764 4768; x_wconf 69' lang='lat' dir='ltr'>castri,</span> <span class='ocrx_word' id='word_1_205' title='bbox 780 4695 815 4755; x_wconf 78' lang='lat' dir='ltr'>et</span> <span class='ocrx_word' id='word_1_206' title='bbox 837 4693 944 4757; x_wconf 89' lang='lat' dir='ltr'>filium</span> <span class='ocrx_word' id='word_1_207' title='bbox 967 4693 1045 4780; x_wconf 87' lang='lat' dir='ltr'>ejus,</span> <span class='ocrx_word' id='word_1_208' title='bbox 1061 4715 1136 4759; x_wconf 90' lang='lat' dir='ltr'>cum</span> <span class='ocrx_word' id='word_1_209' title='bbox 1151 4698 1269 4778; x_wconf 82' lang='lat' dir='ltr'>quater</span> <span class='ocrx_word' id='word_1_210' title='bbox 1283 4711 1338 4757; x_wconf 88' lang='lat' dir='ltr'>xx.</span> <span class='ocrx_word' id='word_1_211' title='bbox 1353 4690 1537 4766; x_wconf 84' lang='lat' dir='ltr'>militibus3</span> <span class='ocrx_word' id='word_1_212' title='bbox 1559 4692 1702 4752; x_wconf 87' lang='lat' dir='ltr'>castrum</span> 
     </span>
    </p>
   </div>
   <div class='ocr_carea' id='block_1_15' title="bbox 656 4977 1687 5202">
    <p class='ocr_par' dir='ltr' id='par_1_20' title="bbox 656 4977 1687 5202">
     <span class='ocr_line' id='line_1_30' title="bbox 688 4977 1655 5048; baseline 0.006 -22"><span class='ocrx_word' id='word_1_213' title='bbox 688 4978 695 5007; x_wconf 89' lang='lat'>¹</span> <span class='ocrx_word' id='word_1_214' title='bbox 707 4977 881 5044; x_wconf 76' lang='lat' dir='ltr'>coquoscimuu]</span> <span class='ocrx_word' id='word_1_215' title='bbox 892 4978 1092 5044; x_wconf 85' lang='lat' dir='ltr'>congnoscimus,</span> <span class='ocrx_word' id='word_1_216' title='bbox 1099 4978 1156 5030; x_wconf 88' lang='lat' dir='ltr'>MS.</span> <span class='ocrx_word' id='word_1_217' title='bbox 1238 4981 1247 5009; x_wconf 84' lang='lat'><strong>¹</strong></span> <span class='ocrx_word' id='word_1_218' title='bbox 1259 4985 1285 5028; x_wconf 79' lang='lat' dir='ltr'>ul</span> <span class='ocrx_word' id='word_1_219' title='bbox 1295 4981 1331 5029; x_wconf 78' lang='lat' dir='ltr'>sic</span> <span class='ocrx_word' id='word_1_220' title='bbox 1341 4981 1428 5048; x_wconf 73' lang='lat' dir='ltr'>penus]</span> <span class='ocrx_word' id='word_1_221' title='bbox 1450 4982 1490 5033; x_wconf 91' lang='lat' dir='ltr'>On</span> <span class='ocrx_word' id='word_1_222' title='bbox 1502 4998 1535 5032; x_wconf 84' lang='lat' dir='ltr'>un</span> <span class='ocrx_word' id='word_1_223' title='bbox 1546 4997 1655 5033; x_wconf 79' lang='lat' dir='ltr'>erasure.</span> 
     </span>
     <span class='ocr_line' id='line_1_31' title="bbox 688 5056 1687 5128; baseline 0.007 -23"><span class='ocrx_word' id='word_1_224' title='bbox 688 5056 897 5123; x_wconf 62' lang='lat' dir='ltr'>’Berlinqeruid</span> <span class='ocrx_word' id='word_1_225' title='bbox 923 5057 1035 5109; x_wconf 80' lang='lat' dir='ltr'>written</span> <span class='ocrx_word' id='word_1_226' title='bbox 1057 5065 1084 5108; x_wconf 85' lang='lat' dir='ltr'>at</span> <span class='ocrx_word' id='word_1_227' title='bbox 1103 5058 1159 5109; x_wconf 83' lang='lat' dir='ltr'>first</span> <span class='ocrx_word' id='word_1_228' title='bbox 1237 5058 1474 5128; x_wconf 73' lang='lat' dir='ltr'>‘BurdeyolensemJ</span> <span class='ocrx_word' id='word_1_229' title='bbox 1513 5062 1687 5114; x_wconf 81' lang='lat' dir='ltr'>Burdcbalen-</span> 
     </span>
     <span class='ocr_line' id='line_1_32' title="bbox 656 5135 1333 5202; baseline 0.004 -14"><span class='ocrx_word' id='word_1_230' title='bbox 656 5135 789 5202; x_wconf 73' lang='lat' dir='ltr'>Berlirpc.</span> <span class='ocrx_word' id='word_1_231' title='bbox 1204 5138 1333 5201; x_wconf 68' lang='lat' dir='ltr'>semiss</span> 
     </span>
    </p>
   </div>
   <div class='ocr_carea' id='block_1_16' title="bbox 0 0 2226 6390">
    <p class='ocr_par' dir='ltr' id='par_1_21' title="bbox 0 0 2226 6390">
     <span class='ocr_line' id='line_1_33' title="bbox 0 0 2226 6390; baseline 0 0"><span class='ocrx_word' id='word_1_232' title='bbox 0 0 2226 6390; x_wconf 95' lang='lat' dir='ltr'> </span> 
     </span>
    </p>
   </div>
  </div>
 </body>
</html>
