4442 6392
659 1169 886 1220 varnasona·
910 1169 1010 1220 anais
1033 1171 1190 1238 aramei,
1214 1172 1279 1222 viz.
1303 1172 1461 1224 sacuam.
1524 1161 1589 1224 433

537 1343 691 1416 pervenire
710 1361 765 1399 sus
781 1344 890 1415 pictate
915 1345 1068 1408 concessit,
1090 1349 1120 1398 et
1144 1352 1174 1400 te
1198 1351 1300 1400 contra
1323 1345 1370 1400 sui
1388 1347 1515 1402 nominis
1534 1348 1588 1403 im·
1601 1355 1670 1409 AJ).
1688 1362 1759 1409 1185.

536 1434 714 1499 pugnatores
726 1428 853 1483 nefarios
863 1427 872 1460 ¹
884 1446 1001 1483 murrum
1014 1428 1271 1500 inexpugnabilem
1281 1434 1291 1463 ²
1302 1429 1457 1486 ordinavit.
1496 1431 1588 1486 Porro

536 1513 651 1567 noverit
668 1516 767 1568 vestra
792 1513 943 1577 serenitas,
965 1511 1044 1583 quod
1069 1511 1244 1568 Selaadinus
1269 1513 1328 1578 ille,
1350 1516 1443 1569 sancti
1462 1516 1587 1572 nominis

536 1595 675 1650 Onicifixi
695 1595 925 1650 immanissimus
950 1601 1129 1666 persecutor,
1150 1595 1191 1651 ita
1209 1615 1286 1651 nrinc
1304 1597 1334 1651 in
1354 1598 1460 1669 spiritu
1480 1601 1587 1654 luroris

535 1686 636 1735 contra
654 1680 765 1735 Christi
790 1680 891 1734 fideles
916 1680 1014 1734 Terrae
1040 1680 1155 1734 Sancta
1179 1681 1251 1735 adeo
1276 1682 1411 1745 invaluit,
1433 1684 1587 1753 quodnisi

536 1764 726 1819 immanitatis
745 1764 809 1834 ejus
828 1764 955 1835 impetus
974 1763 1096 1835 objectis
1115 1764 1247 1819 obicibus
1272 1766 1479 1836 reprimantur,
1500 1767 1588 1823 habet

536 1849 682 1915 fiduciam,
704 1847 782 1920 quod
802 1848 925 1904 influat²
944 1847 1081 1903 Jordanis
1100 1849 1131 1904 iu
1149 1866 1182 1904 os
1201 1849 1295 1920 ejus,”
1315 1855 1344 1905 et
1362 1857 1469 1906 cetera.

634 2120 706 2186 Rae
726 2119 901 2187 Heni-icas
923 2142 1070 2206 repausa
1091 2120 1287 2188 Jerusalem
1308 2122 1482 2190 recasavit.

364 2285 524 2351 Rogweno.
582 2267 659 2333 Hiis
689 2271 824 2350 auditis,
846 2293 905 2335 rex
937 2271 1130 2356 Anglorum,
1165 2277 1344 2337 convocato
1376 2272 1462 2337 clero
1495 2275 1586 2359 regni
1600 2287 1688 2354 fleury

400 2354 425 2404 ἢ·
438 2358 494 2406 ⁴¹⁷·
526 2390 572 2445 ¹ac
587 2371 719 2457 populo,
734 2379 961 2438 convenerunt
977 2371 1160 2438 Londoniis
1183 2374 1270 2459 apud
1288 2372 1587 2440 Fontem-Clerioo·
1599 2356 1744 2488 mg}

534 2492 618 2552 rum,
641 2495 697 2539 xv.
718 2475 878 2540 kalendas
900 2474 1035 2562 Aprilis,
1058 2474 1155 2540 oum¹
1180 2476 1334 2540 universa
1357 2477 1448 2563 regni
1468 2477 1756 2553 nobili-analaityat

381 2591 424 2641 fol.
438 2597 469 2645 :a
481 2610 505 2645 a.
534 2580 613 2651 tate,
636 2577 693 2642 ubi
716 2578 825 2643 dictus
849 2599 916 2657 rex,
931 2578 1145 2643 audientibus
1165 2578 1351 2666 patriarcha
1369 2585 1403 2644 et
1426 2580 1586 2665 Magistro
1599 2553 1719 2672 eleefiken-

534 2677 652 2743 domus
686 2680 880 2767 Hospitalis,
904 2702 1017 2746 ornnes
1047 2680 1162 2746 fideles
1196 2703 1272 2746 suos
1306 2681 1420 2747 inultis
1454 2683 1585 2767 auljura-
1611 2711 1746 2766 ,gum

534 2780 681 2846 tionibus
708 2783 875 2861 astrinxit,
898 2785 1055 2871 quatinus
1070 2784 1255 2870 proferrent
1278 2785 1314 2848 iu
1337 2784 1481 2849 medium
1506 2786 1587 2871 quid

533 2905 632 2970 super
654 2886 719 2950 hiis
741 2887 841 2951 saluti
874 2887 994 2952 animae
1024 2908 1093 2953 sure
1125 2887 1279 2953 viderent
1311 2886 1475 2974 expedire.
1533 2888 1587 2952 Ad

533 2986 594 3052 hoc
610 2989 699 3053 enirn
722 2990 839 3055 iusserit
861 2990 1011 3055 animum
1032 3012 1128 3055 suum
1153 2990 1360 3070 inclinatum,
1378 2996 1417 3055 ut
1441 2988 1529 3075 quod
1545 3011 1587 3054 ex

532 3111 645 3155 eorum
679 3092 815 3158 oonsilio
849 3093 1017 3179 acciperet,
1056 3092 1164 3159 modis
1196 3091 1350 3158 omuibus
1389 3092 1586 3158 observaret.

533 3193 625 3259 Tunc
652 3196 828 3261 concilium
855 3197 1047 3261 universum
1065 3218 1165 3284 super
1188 3196 1366 3283 praemissis
1389 3196 1587 3281 colloquium
1600 3209 1720 3289 tyanae·

532 3295 666 3378 habens,
699 3299 811 3364 sanius
838 3297 1075 3385 judicabatur³
1107 3300 1242 3378 cunctis,
1276 3303 1311 3363 et
1346 3299 1466 3364 anianae
1501 3278 1755 3400 regisffigfotssoe

532 3397 705 3477 salubrius
731 3406 770 3465 ut
792 3422 932 3487 reguum
955 3422 1052 3465 suum
1080 3400 1193 3465 debita
1216 3400 1440 3465 moderatione
1466 3398 1584 3485 guber·
1597 3409 1737 3466 theeman

533 3507 637 3577 naret,
660 3508 695 3567 et
720 3501 805 3567 illud
828 3525 848 3567 a
871 3502 1086 3567 barbarorum
1109 3502 1296 3588 irruptione
1323 3501 1358 3565 in
1384 3523 1463 3587 paee
1486 3474 1717 3596 ceole-ffissl‘fl'

523 3602 664 3667 ¹ariastica
685 3609 829 3684 tueatur,
854 3625 954 3690 quam
979 3603 1191 3669 orientalium
1223 3602 1371 3668 consulut
1393 3604 1429 3667 iu
1452 3603 1585 3688 propria

531 3725 669 3790 persona
691 3705 800 3770 saluti.
847 3706 898 3772 De
920 3706 999 3771 filiis
1021 3711 1132 3771 autem
1157 3705 1415 3792 1·egis,quorum
1440 3704 1584 3789 aliquem

532 3806 632 3891 petiit
665 3807 861 3894 patriarcha,
897 3809 925 3873 si
956 3830 1018 3874 rex
1049 3808 1164 3873 venire
1195 3812 1370 3884 recusaret,
1410 3806 1584 3892 quiequam

521 3913 687 4003 statuere,
711 3932 784 3975 cum
809 3915 919 3977 essent
942 3911 1102 3987 absentes,
1127 3911 1346 3997 incongruum
1369 3906 1552 3976 videbatur.

748 4184 933 4265 Jotanaes,
947 4185 1053 4274 filiae
1075 4184 1175 4273 rep-is,
1190 4185 1237 4272 fit
1261 4183 1368 4251 miles.

361 4339 522 4406 Malvesa.
577 4336 703 4402 Eodem
733 4336 900 4425 tempore⁰
933 4337 1114 4418 Johannes,
1140 4337 1228 4402 filius
1249 4336 1337 4423 regis
1360 4333 1541 4421 H[enrici],
1565 4350 1691 4402 aprinae

392 4407 488 4461 itala.
1596 4417 1668 4469 John
1679 4417 1701 4469 is

532 4444 626 4525 putre
651 4441 850 4506 militaribus
873 4441 975 4507 armis
997 4441 1162 4506 accinctus
1185 4439 1274 4526 apud
1299 4435 1581 4502 Windeleshoram
1596 4484 1727 4550 irrigatas,

1455 4599 1468 4605 -
1595 4553 1752 4617 sndgoesto

1594 4617 1703 4668 Irelsnd.

1298 4602 1366 4609 --
1377 4600 1448 4606 -.--

530 4608 707 4616 ———-
731 4609 770 4615 .-.
785 4609 907 4615 ---—--

567 4699 708 4766 'aesurioq
728 4701 868 4767 aepbarios,
877 4701 934 4752 MS.
1080 4699 1101 4750 is
1121 4699 1237 4764 repeated
1257 4695 1459 4762 superfluousl53
1483 4693 1534 4744 aud
1554 4707 1582 4743 to

534 4802 815 4937 lmzinfigpayaabilem]
834 4804 1034 4871 inexpungnabi.
1081 4780 1311 4925 ἰῦξηαὶωωω]
1327 4855 1467 4919 judicabat,
1480 4853 1536 4902 MS.

565 4989 574 5016 ³
595 4987 600 4997 .
718 4989 724 5001 ,
1113 4936 1252 5004 ‘reamrd
1272 4935 1313 4986 On
1342 4949 1375 4985 aa
1398 4947 1507 4990 erasure,
1532 4933 1582 4981 aad

590 4985 696 5055 Mum]
716 4989 822 5049 ‘mmm’
836 4989 890 5041 MS·
1079 5017 1216 5082 originally
1238 5015 1336 5064 written
1356 5029 1429 5072 cnm,
1448 5027 1476 5061 aa
1496 5012 1522 5060 in
1539 5010 1580 5060 W.

565 5091 652 5156 ὀισπ]
667 5091 758 5143 Before
779 5111 830 5144 cum
847 5095 890 5145 tbe
906 5097 975 5147 word
991 5113 1034 5147 rer
1079 5098 1129 5148 aud
1141 5110 1220 5160 marg.
1233 5095 1263 5144 ol'
1270 5096 1303 5145 Λ.
1319 5094 1347 5145 C.
1384 5092 1441 5141 (lm.
1452 5090 1487 5139 D.

1383 5202 1404 5249 E
1429 5200 1449 5247 E
