4442 6392
669 1128 732 1190 118
800 1142 966 1193 uir-ram
990 1139 1202 1190 rsursmssrs
1226 1140 1388 1190 msrorus
1410 1140 1610 1191 ruooosuu.

498 1411 568 1462 Ab.
583 1417 653 1463 1093,
949 1360 1139 1431 Auimotio
1162 1361 1209 1430 od
1233 1359 1435 1430 mumdum.

499 1516 648 1567 Revelation
711 1508 837 1577 Eadem
859 1533 990 1601 quoquo
1012 1512 1094 1581 hora
1107 1512 1244 1581 alericus
1266 1511 1411 1599 quidum,
1426 1508 1561 1576 nornine
1588 1508 1715 1589 Petrus,
1727 1524 1886 1590 nog.wenu

499 1583 653 1701 fflholy
666 1614 707 1680 de
728 1613 863 1702 regione
885 1638 959 1703 quae
984 1617 1162 1685 Provincia
1194 1617 1318 1685 dieitur
1340 1613 1509 1694 oriundos,
1534 1609 1713 1679 sooedens¹
1754 1592 1781 1644 ἢ·
1798 1599 1853 1645 ¹¹⁸·

666 1717 708 1782 ad
734 1719 920 1806 episcopum
945 1720 1140 1788 Podiensem
1170 1726 1205 1789 st
1231 1720 1385 1787 comitem
1407 1717 1639 1796 Tholossnum,
1665 1737 1716 1780 ss·

665 1843 776 1887 serens
798 1823 888 1908 quod
911 1822 1031 1890 beatus
1053 1824 1223 1913 apostolus
1245 1823 1396 1889 Andreas
1418 1820 1484 1888 sibi
1499 1821 1544 1897 ,in
1569 1816 1716 1907 sompnis

664 1931 871 2011 apparuerat,
904 1931 939 1992 ot
968 1948 1044 1992 eum
1073 1932 1129 1992 ter
1150 1927 1204 1992 vel
1232 1931 1350 2014 quater
1379 1924 1543 1993 attentius
1572 1943 1715 1990 eommo-

665 2033 792 2105 nuerat,
818 2028 976 2114 quatinus
998 2029 1041 2094 ad
1063 2029 1227 2116 principes
1257 2027 1433 2095 oooidentis
1466 2028 1605 2114 loquens
1629 2047 1715 2091 nnn-

498 2143 640 2213 {o'arade
665 2129 776 2208 oleret,
808 2136 847 2194 ut
878 2131 1034 2209 lanceam,
1068 2154 1136 2217 qua
1166 2131 1302 2197 Domini
1332 2130 1436 2197 nostri
1459 2130 1566 2196 Jhesu
1589 2128 1713 2196 Christi

496 2212 606 2331 mg,
664 2232 801 2318 eorpus²
824 2234 930 2298 fuerat
955 2235 1166 2321 perforatum,
1190 2235 1227 2299 in
1251 2235 1385 2300 eeclesia
1406 2234 1563 2321 principis
1586 2239 1715 2320 aposto·

663 2334 779 2412 lorum,
798 2336 898 2421 juxta
920 2359 1021 2414 aram,
1035 2360 1133 2425 super
1154 2360 1254 2424 quam
1274 2338 1363 2404 idem
1378 2338 1545 2425 apostolus
1559 2337 1596 2402 in
1618 2357 1731 2402 earne·
1782 2331 1791 2348 ⁶

665 2438 811 2504 existens
849 2438 982 2505 missam
1020 2440 1175 2528 primitus
1209 2440 1439 2521 celebraverat,
1469 2439 1646 2527 repositam
1679 2439 1732 2503 in·

664 2549 761 2624 terra,
776 2542 879 2630 ipsius
901 2541 1023 2610 terrae⁸
1048 2543 1149 2609 effosa
1173 2544 1344 2632 superficie
1369 2544 1522 2632 bipedali,
1548 2541 1732 2631 perquire--

664 2652 758 2727 rent3
781 2646 889 2713 locum
912 2646 1102 2713 certissimis
1125 2646 1256 2714 indiciis
1278 2646 1502 2714 manifestans.
1547 2644 1716 2712 Aooedens

663 2773 740 2837 ergo
770 2751 813 2816 ad
842 2751 932 2816 viros
963 2749 1147 2838 praediotos,
1170 2750 1320 2831 verbum,
1352 2749 1437 2816 siout
1467 2750 1499 2816 ei
1528 2749 1716 2836 injunctum

663 2853 780 2931 tirerat,
811 2876 852 2920 ex
890 2853 1006 2937 ordine
1044 2853 1207 2919 revelavit
1219 2880 1228 2936 ;
1265 2876 1413 2920 asserens
1458 2876 1492 2919 se
1530 2855 1571 2919 ab
1602 2854 1716 2919 eodem

663 2957 811 3042 apostolo
835 2957 951 3023 multis
982 2956 1166 3022 terroribus
1199 2955 1242 3022 ad
1276 2957 1338 3021 hoc
1367 2956 1471 3041 'fuisse
1502 2955 1714 3044 compulsum,

663 3060 742 3146 quia
779 3060 995 3136 renitebatur,
1032 3081 1074 3124 ne
1119 3059 1300 3146 ypocritsri
1342 3059 1518 3126 videretur.
1573 3058 1716 3126 Addidit

662 3183 799 3248 quoque,
828 3163 917 3249 quod
939 3164 1063 3247 ubsque
1086 3163 1204 3229 mortis
1229 3163 1382 3250 periculo,
1409 3168 1573 3250 praeoepto
1598 3162 1882 3261 nequi-Roffiwend.

661 3272 755 3345 uerat
794 3265 1003 3331 obaudiendo
1041 3264 1197 3348 obviare;
1239 3266 1426 3353 adjecitque
1457 3271 1618 3354 tanquam
1648 3289 1734 3332 oer-·
1769 3264 1797 3300 ¹¹·
1811 3255 1865 3301 ¹¹⁹·

661 3369 817 3448 tissimus,
840 3369 964 3435 “Finis
978 3369 1209 3435 testimonium
1231 3371 1367 3436 veritati
1390 3367 1605 3457 perhibebit.'’
1653 3368 1733 3434 Hii·

661 3478 783 3553 autem,
822 3495 896 3538 oum
934 3473 970 3538 id
1008 3473 1125 3539 ceteris
1163 3472 1369 3560 principibus
1409 3473 1714 3549 eommunioassent,

661 3598 770 3642 secum
784 3575 894 3662 ipsum
918 3575 1072 3642 clericum
1087 3575 1297 3656 adducentes,
1322 3576 1380 3662 qui
1395 3577 1500 3643 adhue
1524 3581 1731 3643 constanter·

662 3679 827 3746 asserebat
850 3678 1021 3746 eonsilium
1038 3678 1185 3766 ejusdem
1200 3680 1343 3768 apostoli
1359 3684 1393 3746 et
1416 3679 1623 3747 voluntatem
1649 3678 1732 3745 Dei·

660 3783 769 3862 fuisse,
793 3791 830 3849 ut
853 3790 1033 3850 memorata
1060 3784 1174 3850 lancea
1196 3784 1281 3849 foret
1305 3783 1465 3849 exercitui
1491 3783 1628 3849 Domini
1653 3804 1734 3871 pro·

662 3887 786 3954 vexillo
828 3886 1030 3976 triumphali,
1060 3888 1103 3952 ad
1144 3887 1261 3966 locum,
1292 3909 1389 3974 quem
1429 3886 1475 3952 eis
1512 3888 1548 3951 in
1579 3885 1735 3953 eeclesia·

663 3989 918 4081 designaverat,⁴
960 3998 1188 4057 convenerunt
1200 4017 1208 4072 ;
1247 3997 1290 4071 et,
1332 3991 1432 4056 effosa
1469 3989 1714 4077 aliquantulum

663 4101 758 4173 terra,
793 4091 950 4174 lanceam,
976 4097 1064 4162 sicut
1090 4095 1340 4184 praedicebatur,
1372 4099 1572 4183 reperenmt.
1618 4093 1715 4176 Quod

663 4200 802 4266 audiens
825 4199 975 4288 populus,
999 4200 1043 4265 ad
1066 4199 1234 4266 ecelesiam
1267 4200 1408 4264 devotus
1442 4200 1593 4280 aoourrit,
1625 4198 1715 4264 obla-

662 4302 876 4389 tionibusque
902 4308 937 4369 et
953 4301 1071 4368 osculis
1095 4308 1164 4369 tam
1180 4301 1363 4391 pretiosum
1386 4302 1562 4369 inventum
1585 4300 1716 4368 thesau-

663 4429 737 4471 rum
771 4410 975 4483 venerantes,
1004 4411 1177 4494 coeperunt
1201 4429 1221 4470 a
1251 4405 1320 4470 suis
1350 4406 1515 4494 angustiis
1547 4404 1716 4493 respirare,

662 4511 801 4575 seientes
819 4510 891 4596 jam
906 4508 1127 4574 confidentius
1142 4509 1251 4574 Deum
1266 4502 1430 4595 propitius
1446 4532 1499 4575 eos
1514 4511 1549 4575 in
1564 4507 1715 4597 proximo

662 4612 911 4677 subventurum.
980 4613 1057 4677 Jam
1092 4601 1254 4698 jarnque⁵
1292 4612 1424 4687 Ernifer,
1462 4613 1578 4678 multis
1616 4619 1734 4677 antea.

697 4803 702 4832 ¹
716 4801 844 4867 sordens]
864 4803 899 4852 So
915 4801 957 4852 W.
976 4803 1010 4852 A.
1024 4801 1053 4853 C.
1066 4801 1107 4862 D,
1120 4805 1166 4854 but
1185 4839 1187 4863 ,
1208 4803 1285 4864 hand,
1294 4802 1340 4852 bu‘t
1351 4801 1373 4851 is
1384 4801 1438 4852 ulso
1447 4800 1474 4851 in
1484 4802 1513 4852 F.
1550 4803 1581 4851 ln
1591 4802 1633 4854 W.
1642 4799 1714 4864 lotus,

661 4882 688 4931 in
705 4880 775 4930 Wili.
787 4881 857 4945 Tyr,
869 4897 892 4944 p.
904 4884 961 4943 721,
974 4883 1083 4941 accessit,
1096 4898 1165 4934 more
1185 4895 1187 4947 f
1209 4887 1269 4936 with
1281 4884 1366 4936 which
1378 4901 1451 4952 agree
1462 4886 1496 4936 A.
1509 4886 1537 4938 C.
1547 4885 1582 4937 D.

661 4958 867 5024 grammaticalis:
1185 4965 1188 5028 ᾖ
1241 4966 1342 5030 3ι’ρειίω
1353 4966 1438 5031 terroe]
1459 4966 1501 5016 On
1513 4981 1546 5015 an
1555 4981 1663 5017 erasure.

1185 5069 1187 5074 ·
1242 5044 1714 5111 ⁴desr'ynoterot]desingnaverat,MS.

696 5119 817 5184 Εοονμιω]
847 5118 986 5171 Intestinod
1009 5122 1043 5186 by
1063 5138 1077 5172 a
1102 5122 1164 5174 later
1240 5127 1250 5154 ὃ
1255 5125 1369 5189 jamque]
1389 5124 1468 5189 queis
1480 5124 1622 5177 interlined.
