4442 6392
582 1190 629 1238 un
651 1190 811 1239 russone
833 1191 935 1240 naurs
951 1191 1122 1240 ursanum
1146 1193 1305 1252 sacuam,
1320 1194 1387 1242 vra.
1402 1192 1496 1242 nusi.
1525 1180 1585 1242 105

518 1356 734 1443 ‚conjunctus
755 1357 988 1424 familiaritate.
1034 1359 1117 1424 Erat
1132 1360 1220 1424 enim
1245 1361 1278 1424 in
1305 1360 1415 1426 loricis
1430 1360 1588 1427 faciendis
1600 1365 1669 1416 Al).
1683 1371 1755 1417 1098-

519 1460 903 1547 .magisterp1aepollens
918 1466 953 1526 et
979 1462 1162 1548 singularis,
1186 1463 1311 1528 habens
1333 1464 1396 1528 sub
1418 1486 1451 1528 se
1474 1463 1587 1548 hujus-

539 1562 628 1627 modi
665 1563 814 1628 artifices
875 1562 1016 1650 Insuper
1044 1565 1081 1627 in
1119 1565 1242 1650 palatio
1279 1566 1429 1630 Anniani
1465 1567 1588 1631 notarii

519 1663 644 1730 ‚officio
666 1664 875 1751 fcmgebatur,
903 1667 991 1731 unde
1026 1667 1138 1731 omnia
1167 1667 1290 1731 civium
1313 1673 1438 1733 secreta
1469 1689 1587 1754 cogno-

540 1772 641 1832 verat
696 1766 763 1831 Hic
796 1774 907 1833 autem
937 1769 991 1833 vir
1027 1768 1181 1855 prudens,
1211 1770 1348 1834 audiens
1380 1770 1467 1854 quod
1505 1769 1588 1834 Boa
1599 1804 1682 1838 carre·

538 1868 682 1934 mundus
704 1869 853 1956 princeps
883 1876 969 1935 esset
1000 1871 1139 1936 illustris
1172 1880 1206 1937 et
1238 1873 1441 1958 magnificus,
1473 1873 1587 1937 statim
1599 1857 1747 1987 {ffiffi

538 1977 613 2058 post
648 1971 851 2037 obsidionem
882 1974 982 2049 urbis,
1015 1994 1073 2059 per
1102 1973 1329 2039 internuncios
1366 1976 1524 2040 archanos
1553 1980 1740 2042 etBoamund

538 2073 649 2139 fideles
671 2074 741 2160 ejus
770 2075 833 2140 sibi
864 2077 1007 2161 gratiam
1029 2076 1250 2155 reconcilians,
1282 2077 1405 2142 civium
1433 2083 1467 2142 et
1497 2077 1588 2143 urbis

539 2181 665 2242 statum
700 2177 815 2242 diebus
845 2178 985 2263 singulis
1022 2178 1260 2257 denudaverat,
1297 2185 1333 2245 et
1366 2180 1403 2243 in
1437 2179 1589 2244 omnibus

370 2290 529 2368 squend
540 2281 676 2367 agendis
698 2280 840 2345 fideliter
854 2281 1066 2347 instruxerat.
1113 2282 1328 2347 Boamundus
1351 2303 1490 2368 quoque,
1518 2283 1590 2348 vice

406 2363 496 2410 ¹⁸⁰⁶·
539 2405 642 2460 versa,
664 2383 725 2448 hoc
746 2382 929 2448 misterium
951 2384 1133 2470 prudenter
1162 2385 1357 2460 occultabat,
1384 2385 1434 2448 ita
1457 2384 1591 2461 scilicet,

539 2491 578 2550 ut
604 2485 714 2550 nullus
746 2485 1028 2551 intemunciorum
1060 2486 1231 2551 alterutrae
1257 2487 1362 2573 partis
1386 2486 1520 2571 aliquod
1542 2510 1590 2552 se-

538 2592 698 2652 cretorum
713 2587 859 2674 ipsorum
874 2593 983 2674 posset
998 2588 1149 2675 colligere
1165 2593 1405 2675 argumentum.
1442 2589 1590 2675 Cumque

533 2691 603 2776 jam
626 2690 719 2775 quasi
746 2691 911 2755 mensibus
933 2691 989 2755 vii.
1014 2691 1085 2756 haec
1111 2713 1146 2756 se
1170 2692 1259 2756 inter
1283 2714 1337 2756 eos
1364 2692 1492 2757 occulta
1515 2713 1591 2756 con-

537 2792 700 2857 tinuasset
735 2793 893 2872 amicitia,
916 2794 1110 2879 plerumque
1134 2793 1269 2859 habitus
1294 2799 1344 2859 est
1371 2816 1477 2859 sermo
1503 2794 1591 2859 inter

537 2916 598 2972 eos,
631 2895 793 2981 quomodo
826 2894 1025 2961 Christianae
1055 2895 1211 2982 religioni
1240 2896 1359 2961 civitas
1390 2897 1590 2962 redderetur.

537 2997 679 3063 Etcum
704 3019 802 3084 super
825 2998 885 3063 hoc
908 3020 928 3062 a
953 2999 1148 3063 Boamundo
1183 3000 1323 3084 Emyfer
1356 3001 1476 3088 saepius
1506 3006 1591 3066 esset

387 3115 433 3167 sot.
446 3116 510 3166 aet.
536 3106 725 3179 conventus,
748 3102 846 3166 semel
882 3101 913 3165 ei
943 3124 1002 3187 per
1026 3103 1134 3166 filium
1161 3124 1265 3183 suum,
1302 3104 1358 3189 qui
1393 3107 1589 3168 secretorum

536 3209 605 3268 erat
622 3204 849 3289 interbajulus‚
872 3204 995 3270 dicitur
1016 3205 1230 3290 respondisse,
1260 3205 1327 3270 “Si
1350 3207 1490 3291 patriam
1505 3207 1586 3291 pris·
1599 3213 1750 3292 ostermare

536 3305 616 3371 tinae
646 3307 816 3371 restituere
847 3307 1003 3386 libertati,
1027 3312 1070 3383 et,
1102 3307 1242 3372 exclusis
1275 3307 1416 3383 canibus
1448 3330 1586 3393 quorum
1598 3280 1739 3413 ffiffi

473 3423 478 3434 '
537 3408 681 3474 violenta
718 3410 942 3474 dominatione
979 3409 1168 3495 premimur,
1194 3410 1351 3496 populum
1390 3411 1453 3474 Dei
1483 3413 1585 3475 culto·
1598 3414 1659 3478 city.

536 3531 604 3574 rem
635 3533 760 3597 possem
792 3510 952 3590 inducere,
981 3516 1089 3577 certus
1127 3534 1209 3592 sum,
1240 3499 1328 3597 quod
1359 3535 1433 3577 cum
1465 3513 1587 3578 sanctis

537 3614 708 3678 animabus
746 3619 880 3680 aeterna·
910 3614 1128 3679 beatitudinis
1158 3615 1294 3700 praemia
1327 3614 1519 3701 possideb03
1558 3615 1586 3679 si

537 3739 611 3781 vero
634 3739 702 3782 rem
719 3718 883 3803 inceptum
906 3739 1131 3782 consummare
1154 3716 1341 3801 nequivero,
1368 3717 1587 3802 deprehensus

535 3820 647 3906 procul
670 3820 770 3884 dubio
793 3821 909 3884 domus
940 3841 1013 3884 mea
1043 3824 1078 3883 et
1108 3818 1272 3904 praeclara
1302 3840 1421 3883 nomen
1453 3819 1586 3884 familiae

536 3945 615 3988 meae
631 3922 794 3987 delebitur
808 3923 866 4000 ita,
883 3929 921 3988 ut
945 3945 1013 3988 non
1028 3926 1228 3986 memoretur
1250 3942 1370 3985 nomen
1386 3921 1474 3985 illius
1490 3922 1586 3986 ultra.

537 4027 601 4092 Sed
625 4027 653 4090 si
676 4026 736 4090 hoc
762 4047 871 4112 posses
897 4026 987 4111 apud
1013 4030 1089 4089 tuos
1115 4029 1281 4088 consortes
1307 4023 1464 4109 optinere,
1497 4025 1585 4109 quod

535 4130 706 4194 civitatem
728 4152 800 4193 mco
830 4129 893 4193 tibi
924 4128 1035 4193 studio
1060 4127 1219 4192 traditam
1242 4127 1460 4214 appropriare,
1492 4133 1525 4191 et
1550 4128 1585 4191 in

536 4240 610 4299 tuos
651 4254 730 4296 usus
760 4246 948 4297 convertere
978 4231 1137 4296 valuisses
1167 4236 1202 4294 et
1232 4229 1398 4310 voluisses,
1437 4252 1497 4316 ego
1535 4232 1585 4296 tui

534 4336 643 4423 gratia
675 4335 718 4400 ad
759 4357 840 4421 opus
877 4336 1070 4421 praedictum
1102 4355 1155 4398 me
1188 4334 1363 4419 accingam,
1395 4338 1430 4397 et
1467 4334 1585 4398 turrim

535 4460 642 4505 meam
666 4438 920 4503 munitissimam
942 4438 1034 4516 hanc,
1058 4441 1098 4501 ut
1113 4436 1214 4511 vides,
1237 4436 1300 4501 tibi
1323 4435 1474 4516 tradam
1497 4436 1585 4502 unda

534 4539 737 4628 principibus
774 4540 892 4604 vestris
932 4539 1016 4603 liber
1046 4539 1081 4601 in
1119 4537 1290 4603 civitatem
1321 4543 1432 4624 patere
1462 4540 1585 4624 poterit

534 4644 704 4729 ingressus.
744 4644 792 4706 At
814 4638 892 4705 hoc¹
926 4640 1065 4719 noveris,
1091 4641 1179 4725 quod
1200 4640 1266 4705 nisi
1287 4641 1348 4706 hoc
1373 4643 1408 4705 in
1434 4641 1584 4728 proximo

533 4746 602 4822 fiat,
632 4745 668 4808 in
697 4749 892 4830 perpetuum
924 4742 1101 4806 differetur.
1148 4741 1298 4807 Veniunt
1331 4743 1476 4807 enimin
1508 4744 1584 4809 sub·

534 4848 652 4912 sidium
676 4847 823 4912 civitatis
845 4867 886 4911 ex
912 4849 983 4908 toto
1006 4845 1131 4909 oriente
1152 4847 1301 4929 equitum
1317 4847 1458 4912 ducenta
1480 4847 1581 4928 milia,

537 5029 793 5038 --—---..-..--—-
801 5029 911 5035 —----
919 5028 995 5034 .-.—-
1006 5027 1045 5032 ---
1056 5026 1132 5032 —-----
1156 5026 1167 5031 -
1203 5026 1234 5030 --·
1264 5026 1321 5032 -..-..
1334 5027 1359 5032 —
1384 5029 1389 5033 .
1405 5029 1436 5033 .-
1450 5028 1481 5034 ...

838 5119 961 5186 mara]
981 5119 1097 5179 nana,
1110 5118 1152 5168 w.
1165 5117 1198 5167 a.
1212 5118 1240 5170 c.
1252 5117 1286 5170 n.
