4442 6392
569 1199 617 1247 nn
639 1199 802 1249 rnuronn
823 1200 927 1251 nrors
943 1203 1117 1252 wrnnnnnr
1140 1203 1302 1269 sacuam,
1319 1206 1385 1256 vrz.
1402 1207 1495 1257 narr.
1522 1197 1563 1259 81

513 1375 699 1453 australem,
733 1400 839 1444 comes
874 1378 1081 1444 Raimundus
1115 1386 1149 1446 et
1183 1382 1352 1469 episcopus
1386 1383 1563 1451 Podiensis.
1576 1397 1645 1450 al).
1660 1404 1732 1454 1097.

514 1479 568 1543 Ad
595 1485 729 1566 portam
756 1482 1053 1567 septentrionalem,
1065 1482 1219 1549 dominus
1243 1485 1465 1565 Boamundus,
1489 1510 1563 1553 cum

514 1582 681 1650 Tancredo
712 1589 747 1649 et
777 1585 851 1649 aliis
877 1585 1079 1672 principibus
1108 1586 1184 1651 suis
1244 1586 1299 1651 Ad
1328 1593 1457 1673 portam
1484 1592 1565 1656 occi-

514 1685 687 1764 dentalem,
727 1687 798 1751 dux
832 1687 1099 1752 Normannorum
1134 1688 1298 1754 Robertus
1334 1689 1419 1775 [et]¹
1458 1713 1565 1758 comes

494 1787 733 1865 ·Flandrensis,
765 1811 840 1855 cum
872 1790 1055 1876 Anglorum
1086 1790 1303 1876 optimatibus
1333 1797 1368 1857 et
1396 1792 1563 1859 nobilibus

494 1888 817 1970 -innumerabilibus,
849 1892 886 1956 in
916 1893 1034 1978 quibus
1065 1893 1169 1977 major
1198 1892 1398 1959 confidentia
1419 1894 1562 1960 habeba-

494 1998 577 2075 ·tur,
600 1999 717 2082 utpote
746 1994 783 2058 in
812 1995 883 2059 loco
907 1999 1064 2081 suspecto,
1088 1999 1123 2058 et
1148 1995 1206 2081 qui
1235 1995 1353 2081 majori
1383 1996 1562 2061 discrimini

494 2104 623 2185 patere
646 2096 832 2162 videbatur.
878 2096 933 2162 Sic
960 2119 1036 2182 ergo
1062 2096 1209 2182 undique
1239 2097 1318 2162 urbs
1341 2098 1467 2163 vallata
1490 2102 1562 2164 est‘·’

511 2198 633 2264 militia
666 2199 847 2285 spectabili,
865 2199 916 2265 ita
953 2199 1096 2284 quidem,
1136 2198 1224 2284 quod
1263 2203 1364 2264 antea
1393 2221 1461 2264 non
1490 2223 1562 2287 per-

510 2302 693 2367 lustrarent
717 2301 802 2365 radii
833 2301 952 2366 solares
978 2306 1049 2366 tam
1075 2301 1274 2386 praeclaram.
1319 2301 1448 2366 Deinde
1471 2303 1560 2388 prin-

510 2404 595 2490 cipes
618 2404 732 2480 nostri,
756 2405 799 2469 ad
829 2408 988 2469 terrorem
1014 2403 1139 2469 civium
1165 2403 1373 2483 inclusorum,
1399 2405 1561 2491 capitibus

509 2507 684 2572 occisorum
709 2507 899 2592 amputatis,
915 2506 1026 2571 fundis
1051 2505 1300 2571 machinarum³
1326 2505 1503 2585 immissis,‘
1524 2508 1561 2572 in

508 2608 622 2674 urbem
645 2608 853 2695 projecerunt
878 2607 969 2673 mille
993 2608 1109 2694 capita,
1131 2612 1251 2694 praeter
1276 2607 1342 2685 illa,
1364 2607 1461 2693 quae⁶
1485 2631 1560 2674 cum

508 2709 702 2795 quibusdam
727 2709 868 2796 captivis
890 2710 934 2775 ad
956 2711 1187 2797 imperatorem
1209 2709 1462 2796 dirigebantur

544 2987 594 3052 De
616 2985 814 3073 cuffoacioae
838 2992 868 3052 et
890 2983 1003 3052 raico
1028 2986 1209 3072 cujusdam
1231 2985 1394 3053 macana
1415 2985 1534 3054 tona.
1585 3007 1587 3010 ⁴

345 3119 496 3199 nopwena
554 3121 631 3186 Hiis
668 3123 717 3186 ita
754 3120 864 3209 gestis,
901 3121 1024 3207 placuit
1067 3121 1270 3208 principibus
1313 3128 1352 3188 ut
1396 3123 1556 3211 petrarias
1569 3131 1707 3186 &nanae-

389 3195 465 3240 ¹¹'⁸⁴'
509 3223 654 3310 aliasque
676 3224 846 3290 machinas
870 3224 914 3288 ad
936 3246 1048 3289 muros
1062 3224 1155 3290 urbis
1170 3224 1379 3311 applicantes,
1392 3248 1462 3292 non
1484 3248 1554 3312 seg-
1567 3200 1710 3331 {ssgffifth‘

506 3327 614 3392 niter⁷
651 3327 739 3414 ipsos
775 3327 981 3413 impeterent.
1037 3327 1192 3412 Dumque
1228 3329 1264 3391 in
1301 3328 1363 3394 hoc
1392 3330 1553 3395 attentius
1566 3333 1639 3385 Nice.

505 3431 647 3496 artifices
681 3429 878 3506 laborarent,
910 3434 944 3494 εὴ
975 3429 1091 3494 urbem
1125 3430 1353 3515 frequentibus
1383 3431 1555 3518 impugna—

504 3531 602 3598 rent⁸
625 3531 912 3619 congressionibus,
936 3531 1096 3596 curriculo
1118 3532 1175 3596 vii.
1195 3531 1460 3613 ebdomadarum,
1476 3556 1555 3619 qua·

506 3636 581 3700 dam
611 3635 665 3700 die
696 3635 845 3699 condicto
869 3635 909 3698 de
939 3657 1028 3699 more
1054 3635 1192 3714 assultu,
1220 3635 1302 3700 duos
1323 3635 1458 3713 nobiles,
1481 3635 1557 3700 Bal-

505 3738 671 3804 dewinum
699 3737 852 3803 videlicet
876 3736 1048 3816 Oalderun,
1079 3743 1114 3803 et
1139 3737 1366 3803 Baldewinum
1391 3738 1431 3804 de
1458 3737 1556 3816 Gant,

538 4043 589 4108 ¹et]
610 4041 732 4106 Supplied
741 4042 807 4092 from
817 4040 859 4092 W.
871 4042 906 4091 A.
919 4041 947 4093 C.
960 4040 993 4091 D.
1054 4037 1168 4104 captivis,
1191 4042 1223 4090 ad
1249 4039 1423 4104 imperatorem
1443 4038 1554 4102 dirigen-

536 4134 606 4201 πω]
625 4134 772 4186 ῙΜΗΜ
1052 4119 1116 4169 tes.''
1148 4119 1181 4169 In
1196 4119 1240 4169 the
1256 4119 1321 4210 Edd.
1338 4119 1382 4209 tire
1399 4124 1455 4169 text
1473 4117 1495 4167 is
1512 4118 1554 4178 (aa

537 4225 831 4292 'sundicmactinoram]
841 4224 1005 4283 etmachinis,
1052 4195 1552 4327 ξὲῗὲωῗζθξζῖἒᾚῖιξζίωἶᾟ

504 4303 544 4356 W'
557 4307 591 4356 Α
604 4305 678 4357 C'D'
1051 4314 1171 4406 terrooein
1190 4355 1285 4405 civium
1308 4311 1461 4414 melam,
1484 4353 1552 4416 capi·

734 4491 740 4503 ‚
1051 4436 1119 4485 tibus
1146 4434 1286 4485 occisorum
1307 4433 1451 4497 amputatis,
1467 4449 1498 4482 ar
1521 4433 1552 4481 iic

536 4490 622 4556 ΨΦ]
653 4491 798 4552 hoerhnedr
819 4492 869 4540 and
887 4491 930 4542 the
948 4497 1003 4555 sml)
1052 4512 1114 4564 mille
1136 4515 1221 4580 capita
1240 4513 1365 4564 machinis
1382 4513 1501 4562 immensis
1523 4511 1551 4560 in

505 4569 642 4634 originally
661 4571 726 4619 after
739 4573 894 4636 prrp'ecerunt
909 4572 1002 4629 erased,
1051 4594 1140 4644 urbem
1156 4593 1323 4658 projecerunt,
1342 4590 1456 4656 quodam
1472 4598 1552 4639 am

504 4650 726 4713 “ndlheedssstef
736 4651 829 4715 callim·
1051 4674 1202 4738 captivorum
1224 4673 1256 4722 ad
1276 4672 1453 4735 imperatorem
1477 4669 1552 4720 mise-

535 4756 581 4804 ‘in
598 4754 679 4804 arbem
691 4792 697 4805 .
711 4792 717 4804 .
729 4792 735 4806 .
748 4753 927 4820 diripcbantur]
946 4754 1003 4804 'Ibe
1050 4751 1135 4813 runt,''
1147 4750 1230 4800 which
1248 4750 1271 4800 ia
1287 4750 1396 4800 founded
1414 4764 1447 4799 on
1464 4764 1479 4799 a
1495 4764 1551 4813 pas-

505 4849 574 4884 sense
593 4836 623 4885 of
641 4835 684 4885 the
706 4833 814 4898 original
833 4842 887 4885 text
905 4834 927 4882 is
943 4833 1004 4883 here
1051 4846 1110 4897 sage
1122 4830 1150 4879 in
1160 4829 1231 4880 will.
1244 4829 1314 4894 Tyr,
1326 4844 1350 4892 p.
1361 4833 1417 4879 668.

504 4913 642 4978 singulmly
659 4914 761 4964 altered.
795 4914 826 4962 In
846 4913 888 4962 W.
900 4913 950 4963 and
967 4912 1001 4962 Α.
1084 4910 1220 4975 'required
1239 4907 1352 4973 signiter,
1364 4907 1422 4958 MS.

505 4991 532 5043 C.
544 4993 576 5042 D.
589 5007 627 5042 we
643 4993 711 5050 read,
727 4993 778 5042 “in
790 4993 877 5041 urbem
894 4992 1003 5054 projece-
1085 4987 1287 5054 'inpupacrentJ
1350 4987 1552 5053 impungnarent,

503 5079 580 5131 runt3
595 5072 664 5122 mille
680 5072 768 5135 capita,
781 5086 838 5121 cum
856 5070 1004 5135 quibusdam
1051 5068 1108 5120 MS.

536 4400 545 4428 ⁴
558 4398 682 4464 immissio]
697 4399 833 4458 immensis,
845 4399 875 4449 F.

1353 5167 1374 5213 F
