4442 6392
631 1171 695 1232 282
761 1182 927 1232 marram
949 1182 1163 1233 rsarsrsusrs
1185 1185 1351 1235 maroam
1373 1187 1570 1238 suenorum.

461 1352 827 1420 A.1).11⁴7.Menandri¹
877 1375 951 1418 cum
994 1354 1063 1420 lxx.
1102 1353 1237 1418 milibus
1275 1354 1488 1420 loricatorum
1527 1354 1681 1429 rnilitum,

630 1460 752 1542 praeter
781 1457 916 1522 classem
948 1479 1024 1543 quae
1054 1478 1131 1522 eum
1158 1457 1366 1543 sequebatur,
1395 1457 1557 1546 pervenit.
1602 1456 1683 1532 Ubi,

631 1559 766 1624 Francis
795 1560 839 1625 ad
862 1582 964 1647 aquas
987 1561 1139 1626 accedere
1170 1560 1369 1639 volentibus,
1393 1582 1435 1626 ex
1457 1561 1598 1625 adversa
1619 1558 1682 1623 flu·

628 1663 727 1728 minis
750 1663 823 1750 ripa
845 1663 956 1729 hostes
975 1663 1180 1729 inveniunt²
1202 1663 1360 1744 infideles,
1384 1665 1441 1750 qui
1464 1686 1559 1750 aquae
1585 1685 1682 1728 usum

629 1765 676 1830 eis
709 1772 744 1832 et
775 1768 956 1833 transitum
989 1766 1186 1833 interdicere
1227 1767 1448 1854 satagebant3
1487 1767 1554 1844 sed,
1589 1766 1683 1831 vadis

629 1870 762 1934 demum
786 1870 942 1949 inventis,
967 1870 1116 1936 hostibus
1139 1870 1256 1936 invitis
1279 1876 1315 1936 et
1341 1871 1492 1958 pluribus
1518 1870 1591 1935 neci
1614 1874 1680 1934 tra

629 1972 717 2050 ditis,
739 1994 777 2037 ac
799 1972 941 2038 vinculis
957 1972 1154 2059 quibusdam
1171 1961 1376 2060 mancipatis,
1393 1995 1505 2039 omnes
1520 1972 1555 2036 in
1573 1971 1683 2058 lugam

627 2076 837 2161 compellunt,
870 2080 905 2140 et
940 2097 1052 2141 eorum
1084 2076 1188 2162 spolia
1217 2077 1390 2163 rapientes,
1417 2076 1498 2142 facti
1532 2081 1612 2141 sunt
1642 2075 1683 2140 de

627 2179 767 2244 victoria
804 2179 953 2245 laetiores.
1009 2179 1092 2245 Inde
1130 2201 1208 2245 vero
1247 2179 1435 2245 Laodiciam
1465 2184 1682 2257 transeuntes,

627 2287 774 2347 montem
796 2283 961 2368 quendam
984 2281 1125 2347 arduum
1148 2287 1183 2347 et
1214 2304 1351 2349 ascensu
1375 2283 1541 2348 difficilem
1564 2304 1602 2347 ac
1628 2282 1683 2347 de-

627 2406 742 2450 scensu
765 2384 978 2450 difficiliorem
1002 2385 1039 2448 in
1070 2384 1190 2450 itinere
1212 2390 1413 2472 repererunt.
1462 2385 1546 2448 Erat
1568 2389 1682 2449 autem

629 2486 829 2554 Francorum
853 2487 1065 2564 consuetudo,
1082 2494 1122 2552 ut
1146 2488 1305 2573 quosdam
1328 2487 1369 2553 de
1391 2487 1577 2553 illustribus
1599 2487 1681 2552 viris

627 2590 865 2678 assignarent,⁸
903 2591 959 2678 qui
997 2591 1132 2678 agmina
1169 2591 1328 2677 praeirent
1361 2595 1395 2655 et
1433 2591 1490 2676 qui
1529 2612 1550 2653 a
1587 2595 1680 2675 tergo

627 2702 849 2781 sequerentur,
874 2695 916 2759 ad
939 2694 1083 2760 imbellis
1116 2694 1231 2781 populi
1261 2694 1444 2759 custodiam
1478 2697 1515 2758 et
1539 2692 1681 2758 sarcina

627 2821 710 2877 rum,
734 2800 791 2885 qui
815 2798 914 2863 etiam
938 2819 1012 2862 eum
1027 2797 1231 2884 principibus
1255 2798 1296 2862 de
1319 2796 1417 2862 modo
1432 2796 1497 2862 vise
1524 2801 1558 2861 et
1580 2794 1679 2861 dietae
1689 2808 1855 2889 ng.Wend.

627 2902 817 2987 quantitate
839 2898 1100 2965 contrectarent.⁴
1146 2898 1307 2965 Praeivit⁵
1330 2905 1444 2965 autem
1466 2898 1526 2962 illa
1550 2897 1604 2963 die
1628 2898 1680 2962 vir
1725 2877 1841 2954 ΜΨ

627 3002 749 3068 nobilis
773 3001 954 3068 (laufridus
969 3002 1009 3067 de
1032 3001 1199 3088 Ranoona,
1214 3002 1273 3088 qui
1295 3023 1370 3068 cum
1385 3000 1573 3090 agminibus
1587 3022 1680 3067 mon·

457 3111 591 3166 Desertor
628 3111 696 3172 tem
722 3105 908 3185 ascendens,
925 3105 967 3170 ad
983 3105 1054 3190 ejus
1069 3105 1239 3193 fastigium
1255 3105 1417 3192 pervenit.
1464 3104 1562 3185 Quod
1583 3103 1681 3170 Turci

456 3179 607 3313 &reema
626 3206 879 3297 cognoscentes,6
901 3208 958 3295 qui
986 3209 1167 3274 exercitum
1198 3210 1293 3274 illum
1316 3232 1337 3273 a
1359 3208 1461 3274 latere
1484 3208 1680 3273 insidiantes

441 3316 547 3366 ‘Turre
625 3313 853 3400 sequebantur,
885 3312 921 3375 in
955 3312 1098 3379 Francos
1122 3316 1273 3398 potenter
1295 3312 1429 3377 irruunt
1451 3334 1517 3377 non
1544 3333 1680 3398 praeme-

625 3417 757 3497 ditatos,
791 3421 825 3482 et
856 3436 969 3481 eorum
1001 3415 1188 3481 dissolvunt
1218 3415 1370 3502 legiones.
1417 3415 1545 3480 Cecidit
1566 3419 1679 3480 autem

624 3522 677 3586 die
712 3521 779 3601 illa,
802 3543 879 3585 casu
909 3518 1102 3600 miserabili,
1124 3519 1229 3606 gloria
1261 3518 1465 3583 Francorum
1498 3524 1531 3583 et
1561 3518 1678 3599 virtus,

624 3624 682 3710 qui
705 3625 789 3689 forte
820 3630 1028 3710 peccatorum
1053 3621 1199 3688 tenebris
1221 3622 1375 3700 involuti,
1408 3621 1539 3686 mistica
1568 3642 1676 3686 secum

625 3727 768 3792 Domino
804 3727 988 3793 devotionis
1025 3747 1163 3791 munera
1200 3747 1267 3790 non
1299 3725 1458 3790 ferebant.
1504 3725 1569 3790 Sed
1601 3746 1695 3810 quae·

623 3832 744 3896 audeat
777 3836 926 3896 creatura
957 3829 1105 3896 Creatori
1144 3828 1259 3909 dicere,
1300 3829 1440 3908 “Quare
1469 3827 1516 3892 sic
1546 3826 1694 3893 facisl’'·

625 3934 698 3999 Rex
720 3939 843 4014 tamen,
869 3933 947 3999 licet
969 3936 1080 3997 mente
1101 3953 1169 3996 non
1201 3931 1409 3995 mediocriter
1439 3933 1695 4005 consternatus,-

623 4061 643 4103 a
665 4036 839 4125 principali
861 4035 1030 4123 proposito
1045 4041 1166 4112 tamen,
1189 4056 1232 4099 ne
1254 4033 1465 4122 obprobrium
1486 4034 1522 4097 in
1538 4033 1695 4097 Francia·

623 4141 904 4215 disseminaretur,
928 4138 1064 4202 minime
1096 4136 1207 4224 potuit
1230 4137 1386 4213 revocari,
1418 4136 1500 4222 quin
1534 4136 1677 4222 peregri-

451 4261 530 4313 Loris
542 4277 580 4312 ar·
622 4245 791 4310 nationem
815 4264 908 4306 suam
931 4239 1061 4305 ardenti
1076 4240 1237 4305 desiderio
1253 4263 1326 4306 cum
1348 4240 1495 4305 exercitu
1510 4238 1674 4317 mutilate,

451 4329 592 4380 avesnia
621 4348 736 4435 regina
757 4369 818 4412 sna
833 4345 992 4410 Alienora
1015 4343 1203 4421 eomitante,
1226 4348 1484 4430 prosequeretur.
1530 4341 1584 4406 Ad
1611 4341 1676 4406 iter

451 4396 609 4516 deiuisiieydi
621 4451 723 4539 igitur
755 4459 790 4516 se'
822 4449 974 4515 alacriter
997 4443 1215 4535 procingens,⁷
1245 4453 1320 4534 post
1342 4446 1466 4512 multos
1488 4445 1617 4511 labores
1639 4450 1693 4511 et·

648 4753 823 4820 ιῑΜωιιιηιΙνι]
848 4754 882 4804 So
903 4752 943 4803 W.
957 4750 990 4802 A.
1008 4751 1036 4802 C.
1048 4750 1081 4800 l).
1092 4750 1121 4800 F.
1145 4783 1147 4790 ,
1169 4749 1298 4815 generally
1315 4749 1384 4812 used,
1403 4751 1449 4799 but
1468 4749 1509 4799 W.
1521 4746 1556 4798 A.
1569 4748 1597 4800 C.
1616 4749 1676 4799 read

620 4837 670 4886 and
681 4836 754 4895 Edd,
766 4842 810 4900 yet
820 4835 841 4884 it
852 4833 874 4883 is
886 4849 918 4883 an
931 4831 1037 4882 obvious
1051 4845 1123 4881 error
1169 4838 1310 4880 tractarent.

621 4913 802 4974 forMoecadri,
812 4929 839 4962 as
848 4910 1122 4976 inwin.Tyr.,p.sos.
1203 4909 1341 4975 ’Praemia
1362 4909 1394 4958 In
1405 4910 1448 4960 the
1460 4915 1515 4960 text
1526 4907 1612 4968 Pron,
1629 4909 1675 4959 but

652 4997 662 5025 ²
674 4993 811 5057 inveniunt]
831 4992 945 5050 veniunt,
956 4989 1014 5043 MS.
1170 5003 1233 5040 corr.
1246 4989 1273 5038 iu
1284 5004 1372 5054 marg,
1384 4991 1434 5039 aud
1446 5005 1474 5039 so
1485 4990 1512 5039 in
1524 4989 1553 5038 F.

652 5072 842 5137 'assiquarenq
861 5071 1045 5135 assingnarent,
1057 5069 1114 5120 MS.
1146 5120 1149 5134 ,
1203 5067 1673 5135 ⁸evanescentes]congnosceutcs,MS.

653 5151 864 5216 ⁴contrcctarent]
884 5149 948 5202 This
964 5149 988 5200 is
996 5152 1041 5201 the
1057 5149 1122 5199 form
1146 5152 1148 5202 J
1196 5146 1662 5215 ’mocinqms]accingens,W·A.0.D.
