4442 6392
553 1220 599 1269 nn
622 1219 781 1270 rnnroan
804 1220 905 1270 sams
928 1220 1100 1270 munaum
1123 1221 1283 1285 sacuam,
1305 1222 1370 1271 vra
1394 1222 1491 1284 auru,
1518 1210 1582 1274 149

739 1486 859 1572 Spolia
876 1486 1129 1572 pretiosissimo
1149 1486 1379 1574 reperiuntur.
1593 1488 1750 1543 A·D·1⁰⁹⁹·

356 1647 519 1713 sopiverit.
577 1634 655 1700 Hiis
670 1635 774 1723 igitur
796 1636 950 1702 omnibus
972 1637 1036 1702 rito
1058 1636 1207 1724 peractis,
1224 1637 1386 1725 principes
1407 1639 1451 1702 ad
1466 1639 1580 1705 domos
1592 1646 1688 1726 Sroils,

392 1715 420 1766 ἢ·
435 1721 490 1766 ¹⁴⁴·
531 1742 566 1802 et
588 1738 742 1824 hospitia,
765 1761 840 1825 quae
862 1740 997 1804 interim
1023 1739 1070 1805 eis
1096 1762 1157 1804 sua
1178 1739 1304 1816 familia
1326 1747 1578 1827 praeparaverat,
1592 1713 1707 1848 {22³3ss

357 1851 518 1970 affero.
530 1841 660 1919 reversi,
676 1842 791 1906 urbem
807 1840 1015 1928 repererunt¹
1032 1843 1128 1907 bonis
1150 1842 1303 1908 omnibus
1325 1844 1581 1926 redundantem,

432 1923 487 1971 Μ
530 1943 618 2013 unde
643 1966 664 2007 a
685 1942 808 2028 majore
832 1965 935 2029 usque
957 1944 1000 2008 ad
1022 1944 1199 2011 minimum
1220 1951 1391 2032 coeperunt
1421 1947 1580 2033 copiosius

529 2043 718 2111 abundare.2
753 2045 1140 2132 Reperiebantu1·⁸enim
1162 2048 1199 2112 in
1215 2048 1363 2114 aedificiis
1378 2053 1413 2114 et
1428 2049 1579 2115 domibus

528 2147 701 2213 confractis
732 2149 805 2212 auri
836 2152 870 2213 et
901 2150 1041 2235 argenti,
1063 2172 1267 2237 gemmarum
1299 2152 1518 2237 pretiosarum
1544 2159 1579 2219 et

529 2251 682 2331 restium,
705 2254 740 2315 et
772 2253 878 2316 omnis
910 2252 1130 2338 supellectilis,
1157 2253 1325 2330 frumenti,
1351 2255 1423 2318 vini
1450 2259 1484 2321 et
1506 2255 1577 2335 olei,

528 2352 641 2417 sedet
664 2373 826 2437 aquarum
856 2354 889 2416 iu
921 2353 1082 2434 cisternis,
1110 2356 1199 2420 uude
1225 2357 1261 2420 iu
1284 2357 1452 2422 obsidione
1475 2358 1579 2423 maxi·

528 2476 616 2518 mam
638 2455 770 2519 fuerant
793 2455 937 2541 perpessi
959 2457 1140 2541 penuriam,
1164 2459 1316 2545 ingentes
1345 2459 1468 2546 copiae3
1490 2461 1578 2526 unde

509 2557 753 2643 ·indigentibus
775 2579 929 2623 mensura
950 2559 1038 2623 bona
1059 2560 1189 2638 referta,
1212 2560 1380 2646 coagitata
1408 2565 1443 2626 et
1468 2584 1579 2648 super-

508 2657 684 2725 .effluens⁴
699 2659 851 2726 omuibus
874 2659 1073 2747 erogabatur
1095 2661 1167 2727 sine
1189 2661 1397 2750 improperio.
1437 2663 1576 2730 Factum

527 2769 578 2829 est
599 2768 719 2843 autem,
743 2767 782 2828 ut
806 2763 949 2829 secunda
978 2769 1055 2850 post
1076 2764 1250 2830 victoriam
1280 2765 1334 2830 die
1358 2772 1392 2831 et
1414 2766 1576 2854 deinceps,

526 2869 562 2932 in
584 2865 655 2930 foro
678 2866 809 2952 publico
832 2888 942 2931 rerum
965 2867 1159 2932 victualium
1175 2867 1309 2955 optimis
1331 2868 1577 2935 conditionibus

527 2969 763 3035 exhiberentur
785 2969 986 3048 commercia,
1012 2970 1062 3034 ita
1084 2970 1219 3056 quidem
1241 2975 1282 3036 ut
1303 2972 1397 3059 plebs
1419 2969 1577 3037 inferior⁵

507 3071 715 3137 ‚necessariis
737 3071 892 3136 omnibus
914 3071 1122 3153 abundaret,6
1137 3074 1316 3139 secundum
1339 3074 1423 3139 illud
1437 3076 1577 3162 prophe-

507 3163 640 3250 .ticum,
664 3174 940 3240 “Fortitudinem
963 3176 1115 3262 gentium
1138 3177 1327 3255 comedetis,
1353 3183 1388 3243 et
1412 3177 1449 3242 in
1471 3178 1577 3265 gloria

507 3298 640 3343 .eorum
663 3275 909 3363 superbietis.''⁷

552 3555 735 3622 Troctotar
757 3553 798 3619 dc
820 3553 974 3621 electione
996 3552 1086 3640 repis
1108 3554 1150 3620 ia
1174 3554 1375 3636 Jerusalem,
1392 3562 1422 3621 ct
1439 3556 1553 3642 patri-

994 3656 1110 3723 orclas.

358 3824 516 3887 Itoawend.
574 3808 723 3892 Cumque
746 3827 803 3892 per
826 3804 897 3870 dies
919 3809 1045 3891 septem
1067 3804 1229 3891 principes
1252 3805 1288 3867 in
1311 3811 1425 3870 sancta
1439 3806 1576 3872 civitate
1589 3812 1747 3892 Meetingof

391 3891 418 3943 it
433 3898 487 3944 ¹⁴⁵·
527 3913 563 3976 in
590 3912 700 3998 quiete
725 3917 759 3974 et
782 3908 903 3974 laetitia
925 3907 1107 3996 spirituali⁸
1123 3909 1335 3994 quievissent,
1352 3917 1578 3976 convenerunt
1589 3879 1699 3996 gisez?
1700 3896 1743 3996 ξω

526 4016 561 4079 in
592 4037 695 4079 unum
727 4016 844 4077 octava
876 4012 938 4089 die,
962 4010 1138 4076 tractaturi
1167 4032 1225 4098 per
1259 4011 1400 4096 gratiam
1432 4010 1576 4096 Spiritus
1589 4010 1653 4077 king
1661 4013 1691 4062 of
1697 4013 1742 4064 ὗε·

527 4118 647 4196 Sancti,
671 4123 710 4183 ut
733 4118 877 4204 aliquem
900 4115 940 4180 de
963 4135 1022 4179 suo
1046 4113 1204 4200 eligerent
1222 4113 1367 4199 collegia,
1383 4114 1441 4199 qui
1463 4079 1703 4200 praesitm‘lem

526 4221 656 4285 civitati
680 4221 779 4305 regiae
803 4243 842 4286 ac
863 4218 1000 4305 regioni,
1023 4217 1149 4304 regiam
1171 4216 1236 4282 rite
1256 4216 1409 4302 optinens
1432 4217 1574 4301 dignita-

508 4328 602 4388 ·tem.
649 4323 695 4387 Et
721 4344 805 4402 cum,
829 4322 1006 4408 diligenter
1029 4319 1110 4384 fusis
1136 4319 1341 4384 orationibus
1367 4324 1402 4384 et
1431 4319 1574 4385 accensis

506 4448 624 4512 ·super
645 4425 764 4489 altaria
790 4424 899 4503 cercis,
923 4422 1167 4509 commissisque
1194 4445 1306 4488 eorum
1336 4421 1475 4508 singulis
1497 4444 1573 4486 can-

507 4529 608 4594 ·delis
632 4528 798 4607 extinctis,
821 4533 860 4592 ut
883 4548 942 4614 per
963 4526 1187 4591 accensionem
1210 4524 1369 4589 indicium
1389 4525 1574 4591 voluntatis

559 4792 566 4820 ¹
580 4788 734 4854 repererunt]
754 4793 924 4852 reppererunt,
937 4784 994 4834 MS.
1106 4787 1116 4814 ⁵
1128 4783 1243 4848 inferior]
1262 4783 1383 4845 imferior,
1393 4781 1451 4835 MS.

559 4872 569 4900 ²
580 4867 719 4933 abundare]
738 4867 891 4924 habundare,
902 4864 959 4914 MS·
1105 4879 1115 4907 ⁸
1125 4874 1275 4941 abundaret]
1294 4876 1459 4939 habundaret,
1471 4876 1527 4927 MS.

560 4945 791 5013 'Reperiebuntud
805 4945 1027 5009 Repperiebantur,
1106 4969 1158 5018 21,¹
1177 4969 1221 5018 ἰή
1235 4973 1258 5020 6,

527 5028 765 5175 Mliupaeffruaa]
784 5105 962 5171 superefluens,
969 5103 1026 5155 MS.
1105 5058 1264 5127 affirmati]
1284 5060 1358 5125 ⁸pffi'
1369 5061 1429 5117 Ms'
