4442 6392
628 1164 693 1228 332
758 1177 925 1226 ulmam
950 1176 1165 1226 mmsmnsis
1187 1175 1351 1225 maroam
1374 1175 1576 1226 monemur.

460 1370 527 1448 An>²
543 1378 614 1426 1164.
627 1349 859 1439 cognovisset¹
897 1352 1075 1439 repulsum,
1117 1352 1167 1416 ira
1199 1352 1389 1417 vehementi
1432 1351 1615 1430 incanduit,
1647 1358 1682 1418 et

626 1453 686 1518 has
707 1458 882 1540 sequentes
904 1454 1019 1520 literas
1043 1453 1184 1541 singulis
1198 1453 1332 1542 Angliae
1347 1454 1597 1521 vicecomitibus
1619 1455 1681 1519 sub

625 1554 688 1622 hac
708 1556 815 1620 forma
836 1556 968 1621 direxit.

626 1766 750 1834 Literoe
772 1767 862 1854 repta
876 1765 1075 1853 arepto-rom
1098 1767 1145 1834 od
1167 1766 1380 1849 vicecomites,
1405 1775 1524 1835 cosdro
1546 1766 1682 1835 clericor

1022 1873 1109 1940 beati
1133 1874 1287 1942 umam?

457 2029 586 2080 Lamos
663 2008 843 2079 “Praecipio
860 2008 925 2073 tibi,
946 2009 1025 2080 quod
1043 2009 1069 2065 si
1087 2009 1195 2081 aliquis
1213 2010 1348 2066 clericus
1366 2010 1415 2065 rel
1439 2010 1534 2066 laicus
1562 2011 1594 2065 in
1617 2010 1851 2094 bal-Rog.Wend.

457 2096 500 2147 the
512 2096 576 2162 king
587 2105 613 2148 to
625 2091 686 2148 liva
702 2098 755 2148 tua
772 2093 935 2148 Romanam
952 2094 1065 2149 curiam
1082 2094 1285 2165 appellaverit,
1300 2112 1369 2150 eum
1386 2095 1485 2166 capias
1507 2100 1537 2150 et
1554 2095 1678 2150 firmiter
1723 2083 1751 2133 5¹0
1763 2089 1822 2136 ³⁰⁸·

457 2162 612 2215 mmm
625 2175 748 2241 teneas,¹
771 2177 862 2232 donec
880 2176 1061 2233 voluntatem
1086 2195 1183 2233 meam
1207 2178 1276 2234 inde
1294 2178 1485 2250 praecipiam.⁴
1521 2179 1562 2234 Et
1578 2196 1678 2234 omnes

625 2260 759 2315 redditus
785 2259 962 2316 clericorum
989 2261 1202 2333 archiepiscopi
1229 2267 1259 2317 et
1290 2262 1492 2334 possessiones
1517 2262 1620 2329 saisias
1647 2263 1679 2317 in

625 2362 745 2401 manum
763 2362 869 2409 meam,
890 2351 921 2401 et
938 2345 1069 2401 omnium
1092 2345 1277 2413 clericorum,
1298 2347 1350 2417 qui
1374 2364 1442 2402 cum
1460 2346 1679 2418 archiepiscopo

625 2432 703 2493 sunt,
723 2433 822 2499 patres
841 2434 871 2484 et
889 2434 1008 2494 matres,
1035 2430 1143 2485 fratres
1162 2435 1336 2496 eteorum,
1364 2436 1486 2501 nepotes
1511 2436 1542 2486 et
1565 2436 1678 2502 neptes,

624 2530 716 2584 ponas
741 2529 794 2584 per
812 2512 909 2569 salvos
934 2513 1059 2586 plegios,
1082 2520 1114 2570 et
1131 2515 1238 2570 catalla
1254 2531 1366 2579 eorum,
1389 2514 1481 2570 donec
1498 2513 1680 2570 voluntatem

625 2614 721 2652 meam
745 2596 814 2651 inde
848 2597 1040 2669 praecipiam.⁴
1084 2597 1125 2654 Et
1150 2599 1205 2654 hoc
1232 2598 1321 2654 breve
1346 2603 1445 2654 tecum
1472 2598 1586 2664 afferas,
1611 2616 1679 2654 cum

626 2680 810 2736 submonitus
829 2681 952 2737 fueris.’'

671 2789 840 2856 Gileberto
874 2812 1012 2878 quoque,
1038 2792 1262 2857 Londoniensi
1285 2793 1446 2879 episcopo,
1473 2792 1604 2879 scripsit
1641 2792 1678 2856 in

625 2893 697 2959 haec
719 2892 842 2958 verba³

663 3039 783 3096 “Nosti
808 3056 896 3110 quam
920 3038 996 3095 male
1020 3039 1157 3106 Thomas,
1184 3040 1404 3097 cantuariensis
1429 3041 1676 3113 archiepiscopus,
1690 3059 1850 3126 nmmum

625 3129 762 3196 operatus
781 3130 828 3180 est
844 3123 1002 3180 adversum
1019 3124 1086 3179 me·
1113 3130 1144 3180 at
1160 3142 1285 3196 regnum
1303 3142 1412 3191 meum,
1441 3130 1472 3180 et
1490 3143 1576 3196 quam
1601 3126 1678 3181 male
1722 3126 1819 3182 ii.308.

624 3208 789 3265 recesserit.
828 3208 867 3264 Et
885 3207 950 3262 ideo
967 3208 1074 3263 mando
1091 3208 1157 3275 tibi,
1178 3209 1257 3280 qnod
1275 3209 1377 3265 clerici
1395 3209 1451 3274 sui,
1475 3209 1526 3281 qui
1546 3209 1676 3265 detrme·

624 3298 695 3348 runt
711 3291 813 3348 honori
839 3309 905 3347 meo
931 3296 961 3346 et
985 3292 1081 3363 regni,
1108 3299 1139 3349 at
1157 3294 1208 3364 qui
1235 3292 1315 3349 circa
1341 3292 1439 3364 ipsum
1466 3294 1586 3350 fuerunt
1612 3301 1679 3366 post

624 3378 727 3448 fugam
745 3393 840 3442 suam,
854 3394 911 3431 non
929 3376 1094 3446 percipiant
1110 3376 1225 3448 aliquid
1242 3376 1279 3430 ds
1297 3375 1471 3440 redditibus,
1486 3394 1559 3447 quos
1570 3377 1679 3432 habue-

624 3470 694 3516 runt
710 3460 742 3514 in
760 3460 930 3532 episcopatu
948 3467 1008 3524 tuo,
1023 3460 1081 3516 nisi
1099 3478 1154 3531 per
1171 3478 1228 3525 me,
1242 3477 1297 3515 nec
1314 3460 1442 3516 habeant
1459 3460 1579 3531 aliquod
1598 3462 1679 3517 auxi·

624 3544 698 3600 lium
716 3545 764 3601 vel
782 3545 938 3601 consilium
957 3564 975 3600 a
992 3544 1054 3599 te.’'
1370 3558 1377 3565 ’

669 3665 766 3744 Item,
786 3663 981 3750 justiciariis
1003 3662 1092 3728 suis⁷
1116 3661 1319 3750 significavit
1341 3663 1394 3728 sic

664 3853 789 3922 attero
811 3852 901 3941 reple
928 3851 1149 3938 jzwtmiultm,
1172 3859 1291 3918 coutens
1315 3852 1447 3919 bocetum
1471 3851 1635 3920 numnam

998 3963 1312 4051 archiepiscopum⁸

663 4110 681 4134 ‘⁶
697 4106 729 4163 si
755 4107 822 4178 quis
849 4106 986 4161 inventus
1017 4106 1108 4160 fuerit
1133 4106 1229 4160 ferens
1255 4106 1356 4161 literas
1382 4106 1493 4161 domini
1519 4126 1602 4180 papas
1629 4110 1677 4164 vel
1690 4103 1852 4184 Ilm-ward.

624 4191 804 4256 mandatum,
833 4195 884 4245 aut
908 4189 1027 4244 Thomae
1053 4189 1276 4262 archiepiscopi,
1306 4190 1457 4247 continens
1487 4192 1676 4249 interdictum
1721 4179 1822 4227 “³⁰⁹-

626 4274 857 4332 Ghristianitatis
876 4273 907 4328 in
924 4273 1044 4346 Anglia‚
1073 4274 1208 4345 capiatur
1235 4283 1266 4330 et
1290 4275 1463 4342 retineatur,
1492 4276 1583 4333 donec
1610 4277 1677 4333 inde

624 4360 806 4417 voluntatem
832 4376 929 4414 meam
954 4358 1133 4430 praecipiam.
1171 4359 1261 4426 Item,
1288 4358 1388 4415 nullus
1416 4359 1552 4426 clericus,
1580 4379 1678 4417 mona·

624 4446 706 4511 chus,
734 4444 888 4501 canonicus
907 4441 955 4499 vel
982 4460 1151 4507 conversus,
1179 4444 1371 4499 transfretare
1394 4446 1592 4515 permittatur,
1620 4446 1679 4501 nisi
1713 4503 1716 4506 ,

624 4529 730 4586 habeat
753 4528 855 4586 literas
881 4527 918 4582 de
939 4525 1037 4582 reditu
1063 4544 1117 4582 auo
1138 4525 1309 4598 justiciarii,
1331 4526 1380 4582 vel
1397 4534 1530 4595 nostras;
1559 4530 1586 4585 si
1611 4529 1678 4599 quis

658 4804 836 4872 'eoymoiaseq
856 4803 1042 4871 congnovisset,
1053 4803 1109 4856 MS.
1149 4835 1152 4956 p
1207 4804 1291 4868 ‘hipp
1304 4803 1346 4854 lib.
1359 4804 1375 4855 i.
1390 4809 1427 4853 1³.

655 4884 741 4948 ²Epp.
753 4884 798 4934 lib.
810 4883 828 4934 i.
842 4883 1015 4948 lt,edLupi.
1206 4882 1277 4949 ιηιε]
1296 4883 1390 4935 Added
1401 4885 1428 4933 in
1439 4897 1519 4950 marg.

656 4963 772 5029 ἰοκαιε]
792 4964 925 5024 custodias,
936 4964 975 5014 ed.
1148 4976 1151 5053 r
1206 4963 1293 5029 1[ειιίε]
1313 4964 1352 5014 At
1363 4963 1417 5015 first
1427 4965 1602 5017 written'neia

622 5041 832 5174 msslrpprplam]
858 5041 990 5106 percipias,
1008 5043 1056 5103 ed,
1075 5043 1126 5093 aud
1205 5044 1215 5074 ⁸
1225 5043 1257 5096 In
1269 5043 1402 5106 Heredes,
1413 5059 1438 5108 p.
1450 5049 1508 5096 496.
