4442 6392
684 1151 731 1201 nn
753 1140 914 1203 raurous
937 1153 1038 1202 uanis
1061 1153 1217 1215 nussim,
1242 1152 1309 1203 viz.
1329 1154 1487 1205 saeuum.
1544 1142 1609 1205 349

563 1325 677 1397 adjuro,
704 1333 738 1382 nt
767 1326 884 1397 justum
909 1333 964 1392 est,
993 1325 1211 1391 celsitudinem,
1238 1333 1379 1398 atquem
1406 1327 1468 1383 fflio
1488 1322 1609 1383 ¹debetis
1623 1331 1691 1389 ΑΛ).
1706 1334 1780 1405 1169τ

558 1411 655 1481 operis
681 1410 892 1466 exhibitionem
916 1409 1087 1464 monstretis
1113 1408 1261 1474 affectum,
1281 1420 1312 1465 et
1338 1409 1451 1465 illatam
1477 1411 1552 1465 mihi
1580 1416 1610 1466 et

557 1494 689 1564 personis
707 1494 782 1548 meis
801 1500 831 1550 et
849 1499 936 1549 terrm
953 1511 1026 1548 mess
1045 1492 1186 1563 injuriam
1204 1492 1314 1564 absque
1332 1493 1494 1549 tardatione
1513 1512 1610 1549 emen·

557 1575 626 1630 dara
652 1577 834 1648 dignemini3
866 1584 896 1632 et
921 1576 1064 1648 quicquid
1088 1574 1276 1632 adversarius
1300 1594 1384 1632 meus
1409 1584 1512 1634 contra
1531 1579 1609 1649 juris

556 1655 689 1715 ordinem
707 1667 737 1716 et
755 1666 856 1717 uonna
873 1677 920 1715 me
940 1666 969 1716 et
986 1676 1126 1731 personas
1145 1659 1230 1731 regni
1248 1661 1317 1725 mei,
1331 1660 1454 1717 clericos
1468 1668 1498 1717 et
1508 1662 1610 1727 laicos,

557 1745 671 1809 statuit,
690 1745 810 1801 irritum
834 1744 967 1800 habeatis
995 1750 1025 1800 et
1049 1743 1145 1800 inane.
1183 1744 1398 1801 Petitionibus¹
1420 1746 1509 1810 enim,
1537 1764 1610 1816 quas

557 1828 726 1899 paternitati
744 1835 850 1884 vestrae
868 1828 1058 1899 porrigimus,
1079 1844 1233 1884 assensum
1245 1828 1281 1884 de
1296 1829 1365 1900 jure
1383 1830 1514 1900 praebere
1532 1835 1612 1885 tene·

558 1912 642 1978 mini,
671 1913 799 1967 maxime
830 1930 898 1967 oum
935 1911 1129 1983 petitionibus
1155 1911 1276 1979 restris,
1304 1931 1378 1983 quas
1407 1914 1482 1968 mihi
1512 1913 1613 1969 nuncii

557 1997 659 2060 vestri,
679 1995 824 2053 Vivianns
843 1996 957 2052 scilicet
982 2001 1012 2051 et
1037 1995 1205 2063 Gratianus,
1235 1997 1445 2068 proponebant,
1474 1997 1613 2067 quatinus

558 2080 697 2152 saepefato
716 2079 935 2152 arehiepiscopo
953 2078 1159 2136 Gautuariensi
1177 2080 1461 2154 archiepiscopatum
1479 2099 1566 2136 suum
1584 2087 1615 2137 ct

559 2182 689 2219 amorem
707 2169 840 2220 nostrum
865 2163 1065 2229 redderemus,
1092 2181 1156 2230 nos,
1184 2164 1347 2236 postposito
1370 2165 1479 2221 honore
1505 2171 1613 2228 nostro,

499 2274 501 2278 ⁴
558 2248 756 2304 concessimus
793 2266 892 2304 coram
918 2247 992 2319 ipsis
1023 2247 1132 2318 legatis
1158 2254 1189 2303 et
1215 2254 1281 2305 octo
1310 2249 1549 2321 archiepiscopis,
1585 2254 1615 2305 et

559 2333 704 2404 episeopis
734 2338 765 2387 et
794 2331 949 2388 abbatibus
976 2332 1088 2396 multis,
1110 2332 1183 2388 licet
1211 2332 1263 2387 ille
1293 2332 1405 2405 absque
1435 2333 1615 2389 couscientia

558 2423 659 2472 nostra
677 2423 707 2474 et
724 2417 873 2473 coactione
893 2416 993 2486 aliqua
1010 2433 1028 2470 a
1044 2432 1138 2486 rcgno
1156 2415 1270 2481 exierit,
1299 2423 1333 2471 ut
1350 2417 1424 2473 bene
1444 2423 1474 2472 et
1491 2417 1523 2472 in
1540 2433 1613 2488 pace

558 2500 677 2566 rediret,
692 2506 722 2556 et
733 2518 833 2556 omnes
852 2500 1051 2572 possessiones
1064 2518 1133 2555 suas
1145 2499 1275 2564 haberet,
1294 2501 1372 2555 sicut
1383 2500 1487 2556 habuit
1499 2500 1613 2571 qnando

558 2585 657 2649 exivit,
670 2590 701 2640 et
721 2602 820 2639 omnes
839 2585 890 2655 qui
909 2601 977 2640 cum
995 2600 1029 2638 eo
1047 2583 1096 2639 vel
1116 2601 1170 2655 pro
1188 2601 1223 2639 eo
1241 2584 1385 2649 exierunt,
1406 2584 1498 2640 salvis
1516 2584 1613 2655 digni·

558 2669 668 2724 tatibus
687 2669 772 2739 regni
790 2667 893 2723 nostri.
933 2667 1130 2722 Serenitatem
1149 2667 1244 2737 igitur
1262 2674 1393 2723 vestram
1404 2668 1509 2724 obnixe
1527 2684 1614 2739 roga·

558 2770 635 2817 mus,
655 2753 793 2822 quatinus
811 2757 921 2807 attente
941 2750 1132 2806 consideretis
1150 2750 1289 2806 honorem
1302 2757 1332 2807 et
1343 2752 1512 2818 utilitatem,
1527 2769 1614 2824 quum

559 2836 642 2892 vobis
662 2842 692 2891 et
709 2836 799 2890 eurise
811 2842 918 2891 vestrae
937 2834 1126 2900 contulimus,
1141 2841 1171 2891 et
1190 2834 1222 2889 in
1240 2835 1383 2901 futurum,
1403 2836 1461 2891 nisi
1479 2854 1532 2908 per
1544 2843 1616 2892 vos²

559 2920 683 2984 steterit,
702 2920 905 2986 conferemns;
934 2925 965 2974 et
992 2920 1035 2974 sic
1062 2937 1127 2973 rem
1154 2919 1230 2975 hanc
1256 2929 1421 2991 temperare
1447 2921 1558 2985 velitis,
1577 2939 1614 2977 ne

559 3005 640 3059 illius
652 3003 757 3075 perfidi
775 3003 933 3075 proditoris
947 3003 1040 3058 nostri
1053 3003 1211 3059 malitiosus
1225 3003 1375 3059 blanditias
1394 3004 1614 3076 simplicitatem

559 3095 689 3144 nostram
707 3086 948 3152 circumveniant,
969 3087 1021 3143 sed
1036 3087 1123 3158 juxta
1139 3087 1313 3159 petitionem
1334 3093 1465 3144 nostrum
1483 3107 1542 3156 eos,
1563 3090 1614 3161 qui

560 3173 802 3229 excommunicati
824 3177 902 3237 sunt,
930 3171 1100 3237 absolvatis,
1127 3179 1166 3238 et,
1186 3190 1223 3228 ne
1249 3173 1281 3227 in
1298 3173 1372 3228 alios
1396 3190 1541 3229 venenum
1567 3192 1614 3230 ex·

559 3257 831 3313 communicationis
850 3256 1000 3311 effundero
1019 3257 1126 3322 valcat,
1139 3256 1319 3328 provideatis
1334 3279 1341 3323 ;
1361 3274 1407 3323 ne,
1422 3258 1448 3313 si
1466 3259 1565 3314 minus
1582 3260 1615 3314 in

558 3342 613 3397 hac
627 3341 711 3413 justa
727 3340 868 3412 petitiono
887 3340 1016 3396 exauditi
1035 3339 1190 3405 fuerimus,
1204 3346 1344 3411 tunquam
1362 3340 1399 3397 do
1416 3340 1615 3398 benivolentia

559 3432 658 3481 vestra
675 3424 874 3496 desperantes,
894 3424 981 3480 aliter
999 3425 1152 3480 securitati
1174 3430 1282 3479 nostrus
1300 3423 1468 3496 prospicere
1488 3425 1614 3497 compel-

559 3509 664 3564 lamur.
691 3509 739 3573 Et,
758 3508 895 3579 quoniam
914 3508 1033 3579 singula
1050 3508 1171 3580 negotia
1187 3513 1288 3564 nostra
1305 3508 1424 3563 difficile
1436 3508 1491 3564 sub
1504 3510 1614 3581 scripto

559 3592 884 3664 comprehenderentur,
916 3593 1062 3648 mittimus
1093 3591 1131 3647 ad
1169 3592 1259 3664 pedes
1291 3592 1477 3664 paternitatis
1506 3598 1614 3649 vestra

559 3677 681 3732 clericos
699 3682 814 3732 nostros
833 3677 993 3732 familiares
1005 3674 1243 3748 R[eginaldum],
1263 3675 1500 3731 archidiaconum
1513 3673 1614 3731 Seres-

558 3762 726 3825 birienscm,
746 3767 776 3816 et
793 3758 981 3832 R[icardum]
1001 3761 1105 3827 Barre,
1129 3761 1180 3832 qui
1200 3760 1317 3832 plenius
1337 3759 1422 3822 vobis
1444 3777 1509 3832 quoe
1527 3767 1613 3831 gesta

558 3855 628 3904 sunt
646 3847 819 3918 exponent.’'

670 4164 810 4251 sequa
832 4185 973 4233 cosmum
996 4162 1085 4231 beuti
1109 4161 1242 4229 Tbomoe
1264 4158 1505 4249 depresserunt.

389 4298 550 4380 unguendi
603 4310 727 4381 Nuncii
749 4314 853 4402 igitur
878 4315 1019 4380 Romam
1041 4313 1271 4401 pervenientes
1300 4310 1424 4377 talibus
1445 4308 1611 4377 mandatis
1623 4324 1771 4396 Theline·

406 4381 433 4433 ii.
445 4387 501 4433 336.

559 4417 680 4483 armati
703 4424 737 4483 et
761 4417 907 4482 donariis
938 4416 1091 4505 pretiosis
1120 4415 1257 4494 onerati,
1283 4416 1327 4481 ud
1354 4413 1499 4481 favorem
1525 4409 1778 4513 regisffifflg‘g‘*

557 4519 707 4587 animum
730 4542 825 4608 papae
847 4528 881 4586 et
904 4520 1121 4586 cardinalium
1144 4518 1353 4584 inclinarunt
1384 4517 1430 4582 Et
1445 4516 1525 4603 quid
1541 4513 1740 4608 ibi³3hep09e

557 4624 696 4712 egerint>
718 4622 823 4688 literis
852 4619 1047 4712 apostolicis,
1070 4642 1152 4707 quas
1178 4621 1323 4686 vicissim
1349 4618 1449 4687 beato
1477 4619 1611 4685 Thomae
1622 4593 1749 4712 23¹⁸·

781 4817 893 4824 --.-...1-
923 4817 969 4822 ...-
992 4816 1030 4821 ..ς
1045 4813 1162 4820 .-.--.-.
1180 4813 1198 4819 -
1213 4812 1359 4819 -.————
1371 4812 1394 4817 -.
1420 4810 1499 4816 ..ῳ-.-

593 4923 788 4992 ΙΡιιίείωιίὂιιε]
807 4925 884 4976 Psom
894 4923 946 4976 this
954 4924 1025 4973 word
1036 4929 1062 4974 to
1141 4921 1217 4986 ²uos]
1237 4919 1386 4971 lntsrlincd.

558 5005 601 5057 the
619 5007 669 5057 end
687 5006 718 5056 oi
728 5005 772 5055 the
791 5005 865 5056 letter
880 5004 903 5054 is
919 5002 1022 5053 omitted
1034 5002 1060 5051 in
1141 4999 1209 5066 ³ila]
1229 4999 1286 5063 sibi,
1296 4999 1359 5052 CJ).

562 5086 618 5136 edd.
630 5084 662 5134 oi
668 5083 756 5149 Lupus
767 5083 817 5134 und
829 5081 907 5134 Giles.
