4442 6392
650 1142 715 1208 360
770 1151 935 1207 narrem
953 1149 1173 1213 ‚rrnrsmrsm
1194 1147 1361 1203 saroam
1382 1149 1585 1202 arenosum

483 1342 552 1395 al).
566 1342 638 1395 117⁰.
651 1329 783 1407 Albani,
807 1328 933 1415 Symon
954 1328 1099 1410 nomine,
1121 1329 1158 1394 in
1180 1326 1355 1394 occidentis
1377 1330 1414 1394 et
1436 1324 1620 1412 poculentis
1642 1346 1718 1390 no·.

483 1436 514 1486 of
520 1435 558 1525 S}
568 1432 617 1513 4¹:
651 1433 718 1499 bile
740 1433 880 1499 xenium
901 1433 1154 1509 transmisisset,
1176 1436 1212 1497 et
1235 1431 1315 1518 ipse,
1345 1434 1386 1496 nt
1408 1429 1518 1516 ipsum
1541 1427 1719 1514 archiepi.

482 1505 640 1620 ffinsvrna
651 1558 787 1623 scopum
809 1536 972 1614 visitaret,
993 1535 1205 1621 sequebatur,
1235 1533 1419 1622 regratians
1441 1531 1719 1618 archiepiscopus.

651 1637 701 1704 ait
722 1638 852 1704 nunciis
885 1639 966 1704 satis
996 1638 1147 1715 civiliter,
1181 1637 1353 1723 “Accepto
1386 1635 1503 1721 ntique
1523 1635 1595 1721 ejus
1620 1655 1720 1720 prae·.

651 1741 783 1819 sentias,
815 1741 873 1807 sed
907 1741 977 1827 ejus
1008 1740 1220 1827 praesentiam
1250 1740 1325 1827 plus
1354 1735 1585 1825 acceptarem.’'
1639 1734 1719 1811 Oui,

652 1867 740 1911 unus
763 1844 805 1910 (16
826 1844 956 1910 nunciis
986 1842 1127 1924 abbatis,
1151 1842 1334 1920 “Domine,
1356 1863 1429 1908 ecce
1450 1844 1589 1928 apparet
1610 1839 1719 1904 veni.

653 1969 712 2014 ons
733 1947 771 2012 in
792 1944 948 2013 foribus”
1002 1945 1066 2014 Oui
1097 1947 1239 2013 occurrit
1262 1944 1411 2011 venienti
1442 1941 1720 2029 archiepiscopus.

653 2073 757 2137 usque
791 2050 923 2129 ostium,
955 2055 990 2117 ot
1022 2051 1104 2116 dans
1137 2051 1169 2116 ei
1198 2050 1354 2128 osculum,
1383 2047 1627 2137 regratiabatur
1662 2045 1721 2122 61,.

648 2154 759 2241 jocose
781 2152 919 2240 loquens
941 2152 983 2218 ds
1009 2152 1080 2239 ejus
1103 2153 1263 2231 adventu,
1287 2174 1386 2239 quem
1407 2150 1541 2218 vocavit
1562 2170 1720 2237 praesen.

653 2257 746 2337 tiam,
773 2261 808 2323 et
830 2255 872 2322 (16
893 2255 994 2322 xenio
1016 2277 1085 2333 suo,
1108 2256 1197 2342 quod
1220 2255 1431 2342 praeentiam
1452 2252 1634 2341 vulgariter
1656 2250 1721 2327 lo,

654 2358 786 2447 quendo
812 2357 952 2424 vocavit.
999 2357 1097 2439 Quod
1121 2357 1246 2425 Gallice
1278 2358 1410 2424 civilius
1441 2360 1547 2435 sonat,
1581 2354 1720 2421 scilicet.

654 2461 709 2540 sic,
731 2460 812 2527 “Dc
835 2481 906 2526 aaa
923 2467 1068 2546 praeeat
1091 2482 1108 2526 6
1129 2482 1170 2526 sc
1190 2460 1370 2548 proseuce.''
1413 2459 1459 2525 Et
1484 2462 1560 2546 post
1581 2457 1720 2522 multas.

653 2563 752 2630 simul
774 2563 907 2629 habitas
929 2563 1180 2644 collocutiones,¹
1202 2563 1302 2651 petiit
1316 2563 1575 2650 archiepiscopus
1596 2562 1722 2648 ipsum.

654 2667 821 2746 abbatem,
848 2666 1009 2753 quatinus
1035 2667 1183 2734 caritatis
1206 2667 1336 2732 intuitu
1361 2667 1426 2732 iret
1449 2687 1492 2731 ex
1518 2670 1612 2752 parte
1634 2664 1723 2750 ejus·

654 2770 697 2835 ad
730 2769 890 2856 juvenem
920 2790 1041 2856 regem,
1074 2769 1308 2835 admoniturus
1337 2790 1412 2835 eum
1443 2767 1602 2847 dulcibus,
1632 2767 1723 2853 qui-4·

654 2872 719 2939 bus
756 2869 968 2949 abundavit,2
1001 2894 1040 2938 aa
1073 2871 1259 2938 efficacibus
1290 2870 1626 2949 sermocinationibus,
1665 2875 1723 2934 ut·
1809 2940 1811 2948 ,

488 3010 627 3061 Theebbat
654 2973 795 3061 rigorem
819 2979 853 3039 et
876 2995 1045 3040 rancorem
1076 2979 1269 3062 conceptum
1299 2975 1476 3062 mitigaret.
1531 2973 1723 3059 Obtempe·

487 3076 635 3143 gomano
654 3099 733 3142 rans
754 3076 859 3163 igitur
882 3076 993 3155 abbas,
1018 3077 1129 3163 ipsum
1150 3098 1262 3164 regem
1283 3076 1369 3142 adiit
1399 3076 1617 3157 festinanter3
1648 3075 1724 3140 sed·

488 3159 607 3273 fflfon
656 3200 732 3244 cum
763 3177 848 3242 nihil
880 3177 947 3243 nisi
969 3177 1159 3266 superbiam
1182 3184 1217 3244 et
1249 3179 1513 3266 indignationem
1534 3200 1609 3244 cum
1639 3199 1725 3241 am·-

488 3276 613 3394 ffiff
655 3280 781 3367 pulosia
812 3279 924 3347 verbis
954 3286 989 3346 et
1018 3280 1219 3366 juramentis
1244 3281 1497 3348 imecitabilibus
1530 3279 1724 3360 inveniret,-

489 3361 642 3464 carnida
656 3382 756 3449 rediit
770 3383 893 3450 infecto
915 3383 1056 3470 negotio.
1098 3383 1182 3465 Qua
1207 3407 1281 3450 cum
1303 3389 1422 3450 cuncta
1447 3384 1576 3450 rediens
1601 3382 1725 3448 archi--

657 3486 808 3574 episcopo
839 3486 1056 3566 renunciaret,
1079 3487 1179 3552 vultu
1201 3486 1342 3552 demisso
1364 3510 1402 3552 ac
1423 3486 1513 3553 tristi
1535 3486 1724 3574 respondit·

657 3587 916 3676 archiepiscopus
937 3588 1114 3675 suspirans,
1139 3595 1157 3624 “
1169 3587 1249 3654 Sine
1263 3590 1369 3669 modo,
1385 3589 1456 3655 sine
1469 3588 1499 3672 ;’'
1522 3595 1556 3654 et
1571 3609 1724 3654 movens·

658 3696 759 3778 caput
773 3690 913 3771 addidit,
929 3697 948 3726 “
959 3690 1096 3769 Siccine,
1111 3691 1230 3757 siccine
1244 3692 1356 3757 adesse
1378 3690 1537 3757 festinant
1558 3697 1724 3778 tempora·

658 3793 950 3859 consummationis
959 3792 990 3860 t’'
1021 3794 1067 3861 Et
1096 3795 1191 3880 quasi
1216 3795 1408 3881 prophetico
1430 3795 1551 3882 spiritu
1573 3794 1724 3859 edoctus·

658 3896 845 3982 subjunxit,
881 3895 990 3962 “Non
1013 3896 1072 3961 diu
1088 3896 1231 3963 ¹durabit
1257 3897 1364 3978 ludus,
1387 3897 1445 3963 sed
1475 3897 1586 3962 illusio
1616 3895 1726 3962 ista''‘·

657 3997 770 4064 Abbas
792 4004 904 4065 autem
927 4004 1007 4065 tunc
1033 4021 1101 4065 non
1123 4000 1292 4067 intellexit
1313 4001 1461 4078 verbum,
1493 3999 1552 4066 sed
1583 4005 1725 4087 postca·

656 4102 781 4168 scilicet
803 4100 915 4167 infra³
929 4102 1159 4188 septimanam,
1171 4103 1282 4169 omnia
1296 4103 1368 4170 luce
1383 4104 1502 4169 clarius
1516 4109 1704 4191 patuerunt.
1718 4145 1725 4159 ·

657 4205 703 4270 Et
724 4205 860 4270 intuens
881 4205 990 4291 ipsum
1012 4204 1169 4270 abbatem
1191 4206 1285 4271 oculo
1307 4207 1453 4295 piissimo
1468 4211 1502 4272 ct
1524 4206 1590 4272 fere
1612 4206 1725 4272 lacri·

657 4308 773 4387 manti,
796 4308 855 4384 ait,
881 4307 1055 4374 “Domine
1078 4309 1190 4386 abbas,
1205 4313 1316 4396 grata
1340 4309 1404 4375 tibi
1427 4308 1532 4376 refero
1546 4310 1725 4376 aduberes·

657 4410 698 4476 (16
731 4411 842 4476 labore
876 4415 944 4491 tuo,
977 4409 1053 4476 licet
1084 4409 1206 4478 inutili
1253 4411 1332 4477 Non
1363 4417 1432 4478 stat
1463 4433 1521 4499 per
1551 4417 1594 4492 te,
1624 4412 1726 4500 quin·

656 4511 869 4600 mitigaretur
890 4511 1077 4579 adolescens
1098 4512 1163 4579 ille

748 4643 767 4673 “
779 4638 858 4704 Non
880 4639 989 4705 estin
1012 4639 1137 4706 medico
1160 4661 1287 4728 semper
1308 4641 1473 4708 relevetur
1494 4647 1534 4708 ut
1555 4665 1650 4731 aeger,
1717 4695 1727 4713 ‚

782 4742 956 4807 Interdum
971 4742 1084 4807 valida
1105 4743 1180 4829 plus
1202 4744 1293 4810 valet
1314 4753 1385 4810 arte
1407 4744 1572 4811 malum.'’⁴

693 4937 700 4967 ¹
712 4933 810 4984 laodicea
826 4933 1005 5001 collocationes]
1025 4936 1116 5002 Partly
1126 4952 1159 4986 on
1237 4939 1246 4967 ⁴
1258 4937 1332 4989 Ouid.
1348 4939 1412 5003 Epp.
1429 4955 1463 4989 ex
1477 4939 1568 4998 Ponto,
1579 4940 1623 4989 lib.
1634 4939 1655 4988 I.
1667 4937 1706 4990 iii.

658 5031 691 5066 an
703 5027 811 5064 erasure.
1206 5020 1253 5076 17,
1269 5019 1315 5069 but
1336 5018 1419 5069 where
1438 5033 1478 5069 ve
1497 5019 1558 5070 rcad
1579 5017 1707 5069 decretor

692 5091 861 5158 ²ataadcor't]
880 5091 1114 5155 submovistis
1203 5094 1295 5146 valida

691 5171 796 5237 ¹infra]
815 5170 898 5232 imfia,
911 5170 964 5222 MS.
977 5170 1140 5237 throughout.
