4442 6392
554 1221 600 1270 os
623 1219 782 1270 rmsroua
804 1219 906 1270 neers
928 1219 1100 1270 umanum
1124 1220 1283 1285 saeuum,
1307 1221 1373 1270 vra.
1394 1221 1488 1270 eurr.
1517 1208 1580 1272 139

531 1414 639 1480 neque
658 1393 701 1459 ab
724 1398 846 1475 austro,
871 1399 1006 1483 propter
1027 1396 1236 1483 quarundam
1252 1397 1390 1462 vallium
1414 1395 1584 1484 profundi-
1596 1403 1752 1456 tib-1⁰9⁹.

532 1503 619 1564 tates
640 1497 844 1585 proficerent,
861 1520 881 1562 a
895 1499 1120 1585 septentrione
1135 1521 1207 1566 eam
1230 1499 1380 1566 obsidere
1395 1500 1585 1566 decernunt.

531 1599 586 1665 Ab
609 1622 649 1666 ea
673 1622 750 1688 ergo
773 1605 878 1687 porta,
904 1624 980 1688 quae
1003 1601 1120 1667 Sancti
1142 1602 1301 1690 Stephani
1324 1604 1454 1683 dicitur,
1479 1609 1513 1669 et
1542 1603 1586 1668 ad

531 1703 720 1790 aquilonem
743 1704 886 1791 respicit,
908 1726 1012 1791 usque
1042 1705 1084 1771 ad
1115 1706 1215 1782 illam,
1240 1728 1315 1792 quae
1338 1706 1452 1772 Turris
1474 1705 1585 1771 David

531 1806 662 1885 dicitur,
686 1812 720 1872 et
743 1806 780 1871 in
803 1812 897 1893 parte
920 1807 1069 1873 civitatis
1096 1808 1292 1874 occidentali
1314 1810 1381 1874 sita
1403 1815 1462 1886 est,
1477 1814 1586 1874 castra

530 1910 694 1997 principes
723 1910 832 1975 nostri
860 1910 1062 1977 locaverunt.
1110 1912 1153 1975 In
1183 1932 1324 1997 quorum
1363 1911 1477 1976 ordine
1514 1913 1586 1975 dux
1598 1917 1712 1997 preposi-

531 2011 751 2078 Godefridus¹
775 2012 903 2099 primus
926 2012 1023 2092 sedit,
1047 2017 1081 2078 et
1099 2013 1201 2099 juxta
1223 2036 1298 2080 eum
1321 2014 1392 2079 dux
1421 1985 1745 2104 Norman·}{,‘',¹e¹gf‘h⁰

531 2136 649 2179 norum
672 2114 836 2180 Robertus
868 2119 903 2180 et
932 2115 1045 2181 consul
1068 2115 1287 2182 Flandrensis.
1342 2117 1437 2182 Circa
1466 2118 1586 2182 turrim

531 2240 618 2295 vero,
635 2240 710 2304 quae
725 2218 767 2282 ab
790 2218 911 2304 angulo
927 2218 1070 2305 quodam
1092 2218 1273 2306 Angularis
1288 2220 1419 2298 dicitur,
1436 2221 1588 2286 dominus

530 2320 740 2387 Tancredus8
762 2325 797 2385 ot
819 2321 877 2386 alii
900 2322 1035 2407 quidam
1058 2343 1133 2387 cum
1156 2343 1194 2386 eo
1216 2322 1344 2387 nobiles
1360 2323 1587 2388 consederunt

532 2422 586 2489 Ab
602 2423 660 2488 ille
674 2428 786 2489 autem
801 2425 887 2488 turri
901 2445 1004 2510 usque
1019 2424 1062 2489 ad
1076 2429 1207 2510 portam
1222 2424 1465 2504 occidentalem,
1482 2446 1588 2490 comes

533 2527 736 2592 Tholosanus
751 2550 825 2593 oum
842 2528 910 2592 suis
925 2528 1112 2613 legionibus
1134 2528 1250 2594 urbem
1273 2527 1410 2593 obsedit.
1455 2528 1587 2593 Partem

534 2653 666 2696 suorum
682 2631 852 2717 agminum
867 2636 1134 2717 supermontem,
1151 2653 1248 2717 super
1270 2651 1367 2716 quem
1382 2630 1499 2695 civitas
1511 2631 1590 2696 aedi-

533 2735 632 2800 ficata
654 2741 713 2812 est,
729 2735 816 2799 inter
839 2734 955 2799 urbem
978 2740 1012 2799 et
1046 2734 1221 2810 ecclesiam,
1241 2719 1319 2819 'quae
1341 2733 1463 2798 dicitur
1486 2732 1586 2819 Syon,

534 2843 569 2903 et
591 2837 633 2902 ab
649 2838 729 2903 urbe
744 2837 849 2903 distat
871 2841 1033 2923 quantum
1055 2857 1148 2901 arcus
1170 2835 1269 2901 semel
1290 2835 1396 2920 jacere
1418 2840 1536 2922 potest,
1553 2837 1589 2900 in

535 2940 633 3029 plaga
655 2940 906 3028 septentrionali
928 2940 1058 3005 locavit.
1105 2939 1139 3003 Is
1162 2938 1250 3004 enirn
1264 2939 1355 3003 locus
1369 2944 1449 3016 erat,
1472 2938 1508 3003 in
1523 2961 1588 3024 quo

536 3043 688 3108 Salvator
703 3064 777 3107 cum
800 3042 966 3129 discipulis
989 3042 1057 3106 suis
1080 3062 1225 3106 coenasse
1248 3041 1411 3122 asseritur,
1428 3047 1588 3107 eteorum

535 3145 633 3232 pedes
663 3144 796 3209 lavasse.
844 3144 899 3209 Ibi
929 3145 1030 3209 etiam
1053 3143 1198 3231 Spiritus
1228 3143 1371 3209 Sanctus
1401 3166 1499 3231 super
1522 3145 1590 3209 dis·

535 3247 658 3333 cipulos
673 3245 842 3311 descendit
865 3247 901 3309 in
923 3246 1047 3331 linguis
1069 3245 1195 3332 igneis3
1218 3245 1330 3332 ibique
1346 3245 1411 3310 Dei
1434 3247 1588 3313 Genitrix

534 3348 687 3415 humanae
716 3353 847 3413 naturae
881 3347 1031 3413 debitum
1070 3347 1237 3433 persolvit.
1299 3347 1430 3412 Ibidem
1460 3370 1588 3434 quoque

436 3434 443 3445 ’
534 3450 624 3517 beati
648 3452 808 3538 Stephani
828 3450 1093 3537 prothomartiris
1116 3449 1322 3537 sepulchrum
1344 3463 1529 3517 veneratur.

665 3755 714 3821 Dc
734 3755 857 3840 prima
879 3761 909 3820 et
930 3754 1122 3840 impetuosa
1144 3753 1242 3818 urbia
1264 3752 1453 3820 ioroaea'oae.

403 3919 528 3997 ..Wene
585 3907 714 3972 Locatis
736 3906 840 3994 igitur
869 3905 906 3970 in
935 3906 1044 3994 girum
1067 3905 1191 3982 castris,
1214 3905 1268 3971 die
1291 3905 1411 3991 quinta
1432 3912 1508 3992 post
1530 3907 1590 3971 ad·
1601 3917 1657 3967 The
1668 3917 1723 3967 first

422 3992 498 4039 ‘¹³⁵‘
540 4016 677 4076 ventum
701 4030 823 4089 eorum,
840 4008 940 4089 lituis,
963 4007 1119 4088 buccinis,
1135 4029 1209 4073 cum
1232 4008 1322 4073 tubis
1346 4014 1380 4074 et
1403 4030 1481 4073 voce
1506 3984 1750 4102 prae-ffmffi·

538 4114 633 4179 conia
655 4111 947 4199 perstrepentibus,
971 4132 1093 4189 omnes,
1109 4114 1149 4175 ut
1171 4109 1263 4174 urbis
1278 4110 1441 4175 invadant
1456 4113 1588 4192 moenia,

538 4216 689 4281 alacriter
712 4214 908 4279 invitantur.
956 4212 1023 4294 Qui
1053 4213 1154 4277 armis
1175 4213 1372 4278 omnimodis
1396 4215 1590 4279 communiti

540 4323 574 4383 et
605 4318 734 4382 artibus
759 4317 922 4393 instructi,
952 4338 972 4380 a
1003 4316 1126 4402 majore
1153 4316 1322 4400 usquead
1351 4315 1526 4381 minimum
1546 4317 1589 4381 ad

519 4442 671 4484 ,murum
694 4419 917 4499 convolantes,
941 4424 976 4483 et
996 4439 1038 4482 ex
1059 4418 1237 4505 praeteritis
1260 4439 1350 4504 spem
1371 4418 1491 4483 bonam
1515 4441 1591 4484 con-

539 4523 705 4610 cipientes,
736 4526 833 4587 tanta
854 4521 1017 4586 instantia
1041 4526 1075 4585 et
1099 4519 1226 4585 virtute
1251 4520 1492 4585 continuabant
1514 4544 1590 4588 con-

537 4647 686 4710 gressum
708 4629 743 4688 et
771 4623 1009 4710 congressionis
1039 4622 1211 4700 assultum,
1235 4628 1283 4702 ut,
1307 4622 1435 4688 civibus
1464 4623 1589 4703 invitis,

536 4726 796 4792 antemuralibus
811 4725 991 4802 confractis,
1015 4731 1169 4811 cogerent
1191 4724 1374 4789 defensores
1396 4725 1541 4804 retroire,
1556 4732 1591 4792 et

537 4830 627 4895 intra
658 4851 770 4894 muros
803 4829 974 4894 interiores
997 4849 1066 4893 sese
1089 4826 1231 4912 recipere
1254 4826 1460 4912 trepidantes
1483 4834 1518 4892 et
1548 4828 1589 4894 de

538 4932 720 4998 resistendo
754 4932 969 5018 desperantes
1031 4929 1076 4994 Et
1109 4929 1138 4994 si
1171 4927 1229 4993 illo
1259 4930 1429 5016 pugnandi
1462 4930 1589 4998 fervore

575 5185 582 5214 ¹
598 5181 761 5249 audefredus]
776 5180 937 5243 Godofridus‚
948 5179 1003 5231 MS.
1059 5178 1064 5244 Ι
1120 5181 1131 5210 ³
1146 5177 1301 5245 Taacredaa]
1315 5179 1512 5242 Tantancredns,
1523 5180 1579 5232 MS.
