4442 6392
649 1171 713 1234 358
781 1180 947 1253 narrum
970 1177 1184 1231 rasmrrsm
1205 1175 1367 1228 maroam
1388 1172 1588 1227 morosus

482 1481 552 1533 an.
566 1411 636 1532 aa.
650 1455 815 1526 uasta
835 1456 925 1543 aaa
949 1455 1039 1522 aaa
1056 1453 1189 1521 nona
1206 1457 1450 1542 ammae,
1472 1459 1513 1520 at
1535 1451 1703 1539 apuam

920 1553 1226 1626 ommunicatus
1250 1555 1435 1624 absolveret.

482 1734 605 1797 meabp.
696 1713 876 1799 Postquam
909 1718 1022 1778 autem
1044 1711 1196 1790 Thomas,
1231 1709 1428 1776 venerabilis
1452 1708 1703 1776 cantuariensis
1738 1716 1779 1768 ct
1793 1717 1861 1796 1103.

481 1807 605 1919 {m}
650 1816 920 1904 archiepiscopus,
952 1816 995 1881 ad
1018 1814 1186 1881 ecclesiam
1212 1834 1305 1879 suam
1329 1835 1404 1878 cum
1426 1834 1548 1900 magna
1569 1811 1647 1878 cleri
1669 1817 1703 1876 et
1730 1783 1822 1901 ngp
1835 1799 1863 1834 η

482 1899 615 1986 audisti·
651 1918 765 2007 populi
788 1918 968 1984 devotione
993 1923 1165 2005 susceptus
1188 1916 1349 2005 pervenit,
1371 1921 1407 1981 et
1428 1916 1494 1981 cito
1516 1920 1592 2001 post
1616 1914 1722 1979 Lon··
1739 1936 1785 1987 for.
1801 1941 1833 1986 el
1847 1953 1874 1988 a.

479 2002 592 2134 ᾗῇ]
652 2022 826 2088 doniarum
863 2019 1042 2095 civitatem,
1077 2019 1187 2085 locum
1224 2018 1348 2084 sedicet
1384 2017 1583 2095 nativitatis,
1620 2017 1722 2082 adiit.

593 2106 599 2118 ⁸
651 2123 884 2204 laetabundum
916 2123 975 2188 ubi
999 2128 1211 2188 occurrerunt
1233 2120 1383 2187 venienti
1414 2121 1527 2198 clema,
1558 2120 1646 2185 cives
1670 2124 1725 2186 et.

652 2227 759 2293 omnis
781 2225 932 2313 populna,
954 2224 1135 2291 clamantes
1158 2230 1193 2290 et
1215 2225 1371 2302 dicentes,
1395 2230 1413 2259 “
1424 2223 1631 2300 Benedictus,
1647 2222 1721 2307 qui.

651 2330 746 2395 venit
768 2330 806 2394 in
829 2329 961 2394 nomine
978 2328 1155 2394 Domini.’'¹
1203 2328 1246 2393 In
1268 2327 1400 2393 classico
1423 2325 1557 2392 autem²
1577 2347 1721 2411 campa.

653 2454 771 2496 narum
794 2436 829 2496 et
851 2429 1088 2498 revestitorum
1112 2428 1231 2497 festive
1261 2426 1521 2517 processionibus
1546 2434 1723 2515 receptus.

652 2535 827 2600 benedixit
849 2532 982 2599 civitati
1004 2539 1039 2599 et
1061 2533 1215 2599 omnibus
1239 2552 1311 2598 cam
1326 2531 1607 2619 promoventibus,
1621 2537 1655 2596 et
1670 2531 1725 2598 in.

653 2636 722 2702 suis
744 2635 955 2701 libertatibus
987 2639 1022 2700 et
1052 2635 1328 2722 prosperitatibus
1350 2632 1616 2701 custodientibus
1663 2632 1724 2703 In.

654 2760 767 2803 mensa
789 2743 902 2803 autem
925 2735 1191 2825 splendidissima
1205 2744 1258 2804 tot
1279 2736 1454 2803 xeniorum
1469 2736 1723 2804 numerositate.

653 2845 818 2928 respectus
841 2845 899 2918 est,
915 2840 1003 2926 quod
1018 2840 1156 2907 taedium
1172 2845 1326 2927 poterant
1339 2863 1502 2928 generare.
1527 2841 1627 2907 Unde
1649 2862 1725 2926 per.

654 2945 781 3029 aliquot
802 2941 873 3007 dies
894 2942 1026 3021 ibidem,
1043 2943 1233 3008 convocatis
1255 2943 1348 3009 urbis
1368 2943 1516 3031 praelatis
1530 2948 1565 3009 et
1579 2943 1724 3011 civibus.

654 3045 811 3124 convivis,
836 3045 1035 3131 epulabatur
1057 3067 1133 3111 cum
1156 3045 1279 3132 gaudio
1302 3053 1377 3133 post
1402 3066 1535 3113 suorum
1558 3046 1725 3114 dolorum.

486 3165 594 3230 nepte
655 3147 922 3213 diuturnitatem.
969 3144 1104 3214 Etcum
1119 3147 1198 3214 inde
1212 3169 1326 3214 versus
1341 3146 1509 3228 Harewes
1524 3145 1725 3217 manerium.

485 3234 595 3349 ffids
655 3273 761 3330 suum,
785 3248 874 3337 quod
895 3271 917 3315 a
940 3247 1122 3316 Londoniis
1145 3249 1275 3317 circiter
1296 3249 1366 3318 xiii
1391 3249 1493 3318 distat
1515 3249 1726 3329 miliaribus„

487 3366 601 3444 narres,
654 3373 768 3421 versus
808 3352 969 3420 Sanctum
1003 3353 1182 3434 Albanum,
1226 3377 1325 3440 quem
1359 3355 1450 3421 adire
1481 3377 1578 3422 causa
1610 3375 1726 3421 vene·.

486 3435 633 3565 2230,ssde
654 3457 795 3522 rationis
832 3461 868 3523 et
906 3456 1063 3523 orationis
1099 3464 1322 3546 proposuerat,
1346 3459 1606 3546 progrederetur,
1638 3478 1726 3526 ecce.

487 3567 627 3632 thekinss
655 3559 742 3647 regis
765 3558 918 3625 officiales
943 3579 1018 3625 cum
1048 3580 1170 3647 magno
1200 3560 1343 3648 strepitu
1372 3561 1656 3628 denunciaverunt
1678 3560 1730 3631 ei.

488 3633 644 3751 ffiffiffi
657 3686 700 3728 ex
722 3667 816 3749 parte
839 3662 926 3749 regis
948 3661 1131 3750 utriusque,
1162 3669 1201 3728 ut
1231 3686 1405 3750 suspensos
1431 3671 1466 3732 et
1487 3663 1710 3732 excommuni-

488 3782 594 3830 persons
658 3769 748 3831 catos
770 3764 978 3846 absolveret;
1001 3764 1127 3831 acerbis
1149 3766 1259 3831 verbis
1282 3788 1358 3832 eum
1380 3768 1599 3856 increpantes,
1621 3767 1729 3855 quod.

488 3849 634 3952 {fgssfflu'
657 3867 694 3932 in
727 3866 836 3953 primo
869 3867 1018 3933 adventu
1052 3889 1111 3932 suo
1134 3873 1204 3933 tam
1229 3871 1410 3937 enormiter
1441 3871 1479 3938 in
1511 3893 1626 3959 regum
1656 3871 1729 3938 in·.

657 3969 792 4034 famiam
815 3989 954 4056 regnum
972 3968 1112 4056 jamjam
1135 3972 1369 4057 perturbasset,
1393 3980 1427 4041 et
1449 3975 1546 4063 ipsos,
1571 3975 1626 4063 qui
1654 3972 1729 4043 de.

655 4070 815 4136 siderium
837 4076 872 4136 et
895 4071 1053 4137 honorem
1075 4071 1206 4160 regium
1228 4075 1484 4163 compleverunt,
1506 4081 1577 4143 tarn
1600 4075 1727 4143 odiose.

571 4253 577 4263 ι
656 4178 915 4261 persequeretur.
963 4173 1061 4255 Quod
1082 4179 1193 4242 totum
1218 4177 1254 4242 in
1276 4200 1392 4265 regum
1412 4178 1569 4267 injuriam
1590 4180 1711 4246 redun-

662 4277 773 4355 dabat,
797 4282 831 4343 et
854 4276 1056 4343 eversionem
1083 4280 1363 4345 consuetudinum
1389 4282 1493 4369 regni.
1539 4283 1710 4370 Archiepi·

658 4401 774 4466 scopus
797 4384 917 4458 autem,
953 4380 1017 4445 hiis
1048 4382 1182 4463 auditis,
1214 4384 1435 4469 perturbatus,
1460 4385 1602 4451 demissa
1631 4404 1728 4452 voce.

659 4483 901 4550 collateralibus
935 4483 1004 4548 suis
1042 4484 1138 4566 dixit,
1178 4486 1303 4551 “Talia
1340 4493 1420 4554 sunt
1456 4489 1579 4574 gaudia
1610 4489 1728 4575 hujus.

659 4586 783 4652 mundi
830 4585 951 4652 Omnia
972 4591 1133 4673 suspecta,
1164 4594 1199 4654 et
1221 4591 1416 4656 moeroribus
1437 4592 1616 4658 miscentur
1638 4592 1730 4657 uni-.

491 4707 604 4757 Heron·
660 4686 783 4753 versa’'
828 4689 874 4753 Et
908 4709 1084 4756 conversus
1115 4690 1158 4755 ad
1192 4693 1318 4780 regales
1355 4694 1501 4773 nuncios,
1530 4696 1730 4782 respondit„

492 4774 642 4901 :21¹2ssss
661 4792 750 4879 quod
781 4791 810 4856 si
841 4791 906 4878 ipsi
930 4793 1205 4861 excommunicati
1234 4795 1349 4884 jurare
1382 4794 1507 4864 vellent
1537 4798 1574 4864 in
1605 4799 1711 4865 forma

492 4907 617 5026 &aaa
661 4891 813 4974 ecclesiae,
837 4916 872 4960 se
895 4897 1053 4964 mandato
1076 4897 1205 4965 domini
1227 4921 1322 4987 papae
1346 4900 1522 4987 parituros,
1554 4902 1625 4991 ipse
1651 4926 1711 4992 pro

695 5113 806 5168 ¹Mstth.
818 5115 873 5166 xxi.
885 5121 907 5166 9.
1123 5117 1130 5186 Ι
1175 5121 1287 5190 ἀπίω]
1307 5122 1513 5177 Onunemure.
