4442 6392
673 1157 739 1220 324
813 1171 981 1220 ulmum
1005 1169 1219 1219 raarsraums
1241 1167 1404 1218 maroam
1426 1167 1627 1218 mesonma

507 1345 921 1411 a.n.11e4.archidiaconus
944 1366 1011 1410 non
1032 1343 1150 1432 perdat
1167 1343 1224 1430 jus
1238 1366 1343 1422 suum,
1359 1366 1419 1409 nee
1440 1343 1618 1431 quicquam
1639 1343 1727 1429 quod

674 1447 753 1513 inde
775 1447 895 1514 habere
910 1448 1036 1514 debeat.
1083 1448 1131 1512 Et
1153 1447 1182 1513 si
1204 1448 1289 1513 tales
1310 1448 1444 1526 fuerint,
1459 1448 1518 1533 qui
1540 1447 1727 1534 culpantur,

675 1551 763 1637 quod
793 1571 860 1615 non
887 1550 970 1615 velit
998 1550 1051 1615 vel
1081 1549 1205 1616 audeat
1226 1550 1346 1637 uliquis
1371 1572 1524 1615 accusare
1555 1571 1618 1628 eos,
1643 1549 1729 1614 vioe·

675 1673 782 1717 comes
805 1653 983 1739 requisitus
1005 1652 1151 1739 abipso,
1179 1652 1282 1719 faciat
1306 1653 1419 1739 jmare
1440 1652 1498 1717 xii.
1523 1651 1643 1739 legales
1671 1650 1729 1716 ho

675 1754 780 1819 mines
803 1753 844 1819 de
866 1754 997 1819 visneto
1027 1754 1098 1819 sive
1124 1754 1165 1819 de
1191 1753 1274 1819 villa
1308 1776 1419 1820 coram
1446 1755 1605 1840 episcopo,
1641 1753 1728 1839 quod

676 1857 853 1922 veritatem
873 1856 1052 1921 secundum
1076 1856 1309 1922 conscientiam
1332 1878 1427 1921 suam
1447 1855 1713 1920 manifestabunt.

539 1973 594 2024 Hoc
637 2043 643 2053 ⁸
722 1958 845 2023 Nullus
859 1960 917 2044 qui
938 1959 978 2023 de
1000 1979 1076 2045 rege
1098 1964 1191 2024 tenet
1214 1958 1251 2022 in
1273 1958 1467 2045 capitaneo
1489 1957 1610 2043 aliquis
1624 1956 1729 2022 domi·

543 2050 658 2106 ''W'‘
676 2061 825 2127 nieorum
840 2059 1067 2126 ministrorum
1088 2059 1169 2145 ejus,
1190 2059 1501 2137 excommunicetur,
1517 2081 1577 2125 nec
1590 2058 1729 2144 alicujus

676 2185 789 2230 eorum
811 2170 908 2229 terrae
930 2162 992 2228 sub
1014 2162 1191 2228 interdicto
1213 2168 1390 2250 ponantur,
1413 2163 1478 2228 nisi
1499 2163 1591 2249 prius
1612 2182 1681 2240 rex,
1701 2160 1730 2226 si

677 2267 713 2330 in
737 2265 973 2351 regnofuerit,
997 2265 1222 2346 conveniatur,
1252 2265 1321 2352 [vel
1344 2265 1547 2351 justiciarius
1570 2261 1730 2349 ejus,]¹si

677 2367 779 2432 fuerit
800 2372 898 2431 extra
911 2386 1060 2452 regnum,
1084 2372 1124 2431 ut
1146 2372 1274 2432 rectum
1297 2367 1338 2431 de
1360 2388 1400 2432 eo
1421 2366 1539 2447 faciat,
1562 2371 1597 2431 et
1618 2366 1675 2442 ita,
1691 2371 1730 2430 ut
1758 2378 1802 2428 sot.
1815 2383 1848 2428 ee
1861 2378 1884 2429 t.

677 2469 764 2555 quod
788 2468 968 2555 pertinebit
994 2469 1037 2533 ad
1059 2468 1147 2554 regis
1173 2469 1299 2534 curiam
1321 2468 1370 2536 ibi
1397 2469 1602 2549 terminetur,
1628 2472 1662 2533 et
1689 2466 1730 2532 de

540 2564 543 2568 ’
677 2594 715 2637 eo
740 2571 830 2658 quod
859 2574 987 2656 spectat
1012 2569 1056 2635 ad
1086 2571 1211 2636 curiam
1240 2568 1499 2649 eeclesiasticam,
1524 2570 1567 2634 ad
1593 2568 1729 2634 eandem

677 2675 844 2751 mittatur,
865 2678 905 2737 ut
932 2671 1056 2737 ibidem
1078 2674 1284 2739 terminetur.

508 2788 595 2905 eroe
636 2857 641 2869 Ι
723 2776 772 2841 De
802 2774 1089 2861 appellationibus,
1122 2776 1151 2840 si
1189 2775 1392 2855 emerserint,
1421 2775 1465 2841 ab
1502 2774 1730 2840 archidiacono

542 2865 658 2922 ''W‘'
676 2878 800 2944 debent
821 2877 995 2963 procedere
1021 2877 1065 2941 ad
1100 2877 1298 2964 episcopum,
1322 2877 1366 2942 ab
1390 2877 1540 2964 episcopo
1561 2876 1605 2941 ad
1626 2877 1731 2942 archi·

676 2980 887 3065 episcopum
909 2984 952 3059 et,
973 2980 1002 3043 si
1016 2978 1279 3066 archiepiscopus
1293 2979 1434 3044 defuerit
1457 2980 1493 3042 in
1513 2978 1650 3064 justitia
1672 2999 1730 3042 ex-

676 3081 830 3159 hibenda,
869 3080 913 3145 ad
945 3103 1055 3168 regem
1093 3081 1355 3167 perveniendum
1392 3087 1442 3146 eet
1479 3086 1652 3167 postremo,
1689 3085 1730 3144 ut

675 3188 839 3270 praecepto
863 3182 967 3269 ipsius
993 3183 1030 3246 in
1052 3184 1145 3249 curia
1166 3183 1401 3269 archiepiscopi
1420 3183 1644 3249 controversia
1665 3186 1731 3247 ter·

566 3325 569 3332 =
675 3287 842 3368 minetur;
876 3285 926 3351 ita
954 3285 1044 3371 quod
1065 3306 1135 3352 non
1158 3285 1259 3352 debet
1284 3284 1375 3351 ultra
1403 3284 1576 3371 procedere
1606 3285 1729 3372 absque

675 3387 802 3454 domini
825 3387 912 3475 regis
935 3409 1077 3454 assensu.

507 3517 622 3634 JH⁰[⁰]
722 3490 760 3556 Si
783 3491 950 3556 calumnia
976 3491 1148 3557 emerserit
1174 3491 1264 3556 inter
1287 3491 1440 3556 clericum
1464 3494 1499 3556 et
1522 3491 1652 3579 laicum,
1675 3490 1730 3556 vel

523 3588 657 3650 anpmta
677 3614 695 3658 e
717 3613 882 3670 converso,
913 3593 954 3658 de
983 3592 1052 3658 ullo
1079 3596 1273 3658 tenemento
1302 3593 1390 3678 quod
1420 3591 1555 3658 clericus
1577 3593 1659 3658 velit
1688 3593 1730 3658 ad

677 3695 888 3761 elemosinam
920 3695 1060 3776 trahere,
1087 3695 1142 3760 vel
1167 3695 1271 3760 laicus
1296 3695 1340 3760 ad
1362 3694 1483 3759 laicum
1506 3694 1648 3772 feodum,
1673 3716 1731 3781 per

675 3795 959 3885 recognitionem2
981 3797 1038 3864 xii.
1063 3797 1223 3884 legalium
1251 3796 1431 3875 hominum,
1454 3795 1556 3882 juxta
1581 3797 1730 3884 capitalis

669 3899 850 3985 justiciarii
883 3900 970 3986 regis
1001 3899 1311 3980 considerationem,
1342 3899 1586 3980 terminabitur,
1616 3906 1729 3964 utrum

673 4007 902 4068 tenementum
918 4001 963 4065 sit
984 4000 1157 4088 pertinens
1171 4002 1215 4067 ad
1230 4001 1449 4080 elemosinam,
1464 4002 1534 4067 sive
1549 4001 1592 4066 ad
1607 4001 1727 4067 laicum
1739 4009 1903 4076 Ranenu

673 4102 817 4182 feudum,
850 4124 959 4170 eoram
991 4103 1178 4189 justiciario
1209 4103 1303 4191 regis.
1365 4104 1411 4168 Et
1439 4104 1468 4170 ai
1501 4103 1727 4191 recognitum⁸
1773 4077 1874 4130 ΜΝ·

673 4205 776 4271 fuerit
797 4205 841 4271 ad
864 4205 1077 4272 elemosinam
1103 4206 1276 4294 pertinere,
1307 4207 1467 4293 placitum
1490 4207 1555 4272 erit
1578 4207 1614 4271 in
1640 4206 1730 4271 curia

673 4306 911 4388 eeclesiastioa;
933 4308 1055 4374 sivero
1077 4309 1121 4374 ad
1135 4308 1256 4374 laicum
1279 4308 1422 4389 feodum,
1437 4309 1503 4373 nisi
1517 4308 1616 4374 ambo
1637 4313 1729 4374 tene-

672 4415 823 4476 mentum
841 4410 882 4476 de
898 4409 1060 4498 episcopo⁴
1072 4411 1187 4477 eodem
1199 4412 1254 4476 vel
1268 4412 1390 4477 barone
1405 4410 1651 4491 advocaverint,
1663 4412 1728 4476 erit

671 4514 830 4601 placitum
852 4514 889 4579 in
912 4514 1003 4580 curia
1024 4515 1120 4603 regis.
1167 4514 1287 4594 Sed,si
1308 4512 1471 4601 uterque⁶
1491 4513 1728 4580 advocaverint

707 4711 762 4763 ¹uel
770 4713 933 4779 justiciarius
952 4713 1018 4779 ejas]
1050 4712 1173 4778 Supplied
1244 4713 1392 4780 ⁴episcopo]
1404 4714 1467 4778 ipso,
1475 4713 1532 4765 MS.
1542 4714 1630 4765 ands.
1655 4713 1726 4764 Corr.

669 4790 736 4841 irem
747 4791 789 4842 W.
802 4792 836 4843 A.
849 4791 878 4845 0.
891 4792 984 4843 D.and
996 4792 1073 4844 Gerr.
1210 4792 1277 4843 from
1289 4793 1330 4843 W.
1342 4792 1412 4845 Μ
1432 4793 1466 4843 Ι).

702 4906 713 4935 a
814 4905 839 4917 ··
1053 4905 1085 4918 ··
1245 4873 1375 4938 'stam
1391 4870 1674 4936 &medumpam
1685 4872 1725 4921 ed.

723 4905 919 4972 reooynatronem]
938 4920 1171 4973 recongnrcronem,
1209 4952 1301 5004 wem
1331 4949 1665 5015 Thevofflmphdm

669 4982 727 5035 MS'
1208 5029 1380 5081 admocum
1396 5045 1438 5081 are
1449 5029 1553 5079 ornined
1564 5029 1592 5078 in
1604 5029 1638 5081 A.
1649 5028 1678 5080 C.
1687 5028 1722 5079 D.

701 5098 881 5164 ’'oeffllll‘m]
899 5099 1083 5164 fflfflssfllium·
1095 5098 1153 5150 MS·
1208 5111 1327 5161 mosao.
1341 5107 1724 5174 IuGerv.aterqaeadvooooerit
