4442 6392
649 1180 716 1253 270
773 1197 941 1248 narrum
965 1195 1178 1246 rnnrsruusrs
1200 1194 1364 1245 nrsrosm
1385 1194 1584 1246 nuouosuu

745 1449 941 1517 noueram
967 1448 1160 1516 mnsam
1187 1446 1372 1515 eutoso
1395 1447 1599 1514 mosum.
1711 1418 1716 1430 ‘

476 1622 545 1673 ΑΙ).
562 1626 633 1674 1142.
690 1605 789 1668 Anno
819 1603 954 1669 Domini
987 1616 1206 1669 M⁰.c⁰.xa⁰.11⁰.
1231 1600 1437 1679 Willelmus,¹
1460 1596 1698 1667 wintoniensis
1710 1614 1879 1682 Romanu

477 1706 582 1821 ffluneu
645 1707 812 1793 episeopus
842 1711 876 1772 et
912 1706 996 1772 sedis
1026 1703 1099 1792 jam
1134 1704 1321 1793 apostolieae
1355 1704 1491 1791 legatus,
1522 1703 1559 1768 in
1589 1703 1697 1770 media
1744 1685 1845 1740 ⁵¹¹²³²

476 1774 590 1898 123522,
646 1808 905 1896 Quadragesima
938 1807 1118 1874 Londoniis
1153 1806 1335 1885 concilium,
1361 1829 1436 1895 rege
1470 1813 1631 1894 praesente
1663 1812 1697 1872 et

643 1911 810 1977 nonnullis
836 1910 1002 1998 episeopis,
1025 1910 1211 1976 celebravit.
1258 1908 1380 1975 Nullus
1402 1908 1490 1976 enim
1516 1911 1622 1975 honor
1643 1908 1697 1974 vel

642 2012 828 2079 reverentia
862 2013 934 2099 jam
964 2010 1137 2092 serebatur,
1170 2011 1377 2100 ingrassante
1409 2010 1483 2078 odio
1516 2017 1550 2078 et
1582 2031 1716 2093 werra:

642 2116 706 2181 Dei
728 2115 868 2182 ecolesiae
890 2115 945 2181 vel
968 2115 1048 2201 ejus
1062 2113 1243 2195 ordinatis3
1269 2117 1304 2180 et
1326 2134 1401 2200 quae
1423 2114 1530 2202 primo
1553 2118 1717 2201 eoeperat.

642 2219 884 2305 aliquantulum
908 2217 1072 2295 sustineri,
1092 2218 1172 2302 jam,
1198 2214 1364 2282 scintilla²
1391 2218 1522 2303 penitus
1549 2216 1716 2282 caritatis.

644 2322 799 2398 extincta,
815 2320 975 2406 refriguit.
1021 2320 1129 2406 AEque
1149 2341 1291 2405 namque
1311 2318 1419 2384 cleriei
1442 2324 1477 2385 et
1499 2319 1576 2385 laici
1592 2320 1718 2407 capia.

475 2446 584 2497 Deerees
643 2425 775 2502 bantur,
803 2422 1060 2504 redimebantur,
1093 2427 1127 2487 et
1152 2422 1293 2488 vinculis
1323 2422 1531 2488 tenebantur.
1587 2422 1698 2488 Sanci-

476 2513 622 2632 mannen
644 2526 742 2592 tum³
774 2531 824 2591 est
859 2524 963 2612 igitur
1001 2522 1049 2588 ibi
1086 2528 1121 2590 et
1161 2523 1358 2612 generaliter
1390 2525 1618 2603 constitutum,
1656 2547 1697 2590 ne

644 2629 770 2716 aliquis,
803 2629 860 2714 qui
900 2627 1067 2693 eeclesiam
1105 2625 1347 2692 cimiteriumve
1381 2627 1530 2705 violaret,
1571 2627 1625 2693 vel
1663 2629 1695 2692 in

644 2720 797 2797 clericum
826 2734 886 2796 aut
908 2731 1018 2796 virum
1040 2729 1230 2816 religiosum
1259 2748 1377 2795 manus
1407 2729 1569 2795 violentas
1599 2751 1698 2817 appo-

643 2838 746 2913 neret,
780 2833 822 2898 ab
853 2835 917 2898 alio
952 2853 1052 2918 quam
1092 2831 1135 2897 ab
1176 2832 1247 2919 ipso
1285 2853 1372 2919 papa
1414 2837 1524 2919 posset
1561 2831 1696 2898 absolvi.

645 2933 818 3000 Statutum
842 2939 892 3000 est
916 2934 1059 3021 insuper,
1082 2939 1122 2999 ut
1148 2940 1293 3000 aratores
1316 2954 1391 2999 oum
1415 2935 1544 3014 aratris,
1566 2940 1600 3000 et
1621 2954 1696 3000 oon·

644 3037 809 3123 fugientes
832 3038 875 3103 ad
899 3057 1008 3102 oruoes
1035 3037 1261 3123 compitorum,
1284 3058 1396 3123 paoem
1422 3036 1581 3103 haberent
1604 3037 1715 3102 cimi-.

644 3139 800 3205 terialem.
845 3138 999 3204 Accensis
1028 3137 1132 3225 igitur
1162 3139 1305 3206 candelis
1330 3142 1365 3205 et
1395 3138 1535 3226 pulsatis
1566 3160 1695 3227 eompa-
1706 3156 1875 3237 Rogwenn

532 3308 534 3316 ,
645 3241 705 3318 nis,
736 3242 1102 3307 excommunicaverunt
1136 3241 1201 3329 ipsi
1227 3263 1340 3308 omnes
1368 3243 1498 3329 praelati
1527 3243 1694 3309 universos
1746 3241 1774 3277 ¹¹·
1785 3231 1847 3280 ²³³

645 3343 744 3430 hujus
773 3343 980 3409 saluberrimi
1016 3344 1137 3409 statuti
1166 3344 1350 3423 violatores,
1386 3350 1420 3411 et
1455 3344 1517 3410 hoo
1550 3345 1591 3411 de
1620 3366 1714 3411 com.

644 3467 741 3511 sensu
770 3446 847 3511 hinc
877 3446 955 3512 inde
991 3466 1143 3534 guerram
1180 3447 1426 3528 sustinentium,
1460 3449 1546 3513 sieut
1575 3451 1645 3514 erat
1675 3470 1714 3513 a.

644 3548 812 3636 principio.
859 3548 904 3615 Et
926 3548 972 3615 sio
995 3570 1054 3636 pro
1076 3570 1196 3638 magna
1217 3555 1311 3638 parte
1333 3550 1510 3617 milvorum
1532 3550 1695 3640 rapacitas
1732 3571 1736 3584 ’

644 3651 841 3738 conquievit.

667 3908 739 3976 Rea
763 3907 850 3997 oepit
882 3906 1109 3977 willelmos*
1135 3908 1175 3977 de
1200 3909 1424 3990 Moadevo‘lla,
1451 3909 1546 3979 ande
1568 3910 1677 4001 pluro
1709 3888 1715 3902 ⁸

991 4020 1104 4079 eastra
1131 4012 1284 4080 lucratus
1308 4019 1362 4080 est.

478 4176 629 4242 crptureor
692 4160 817 4229 Eodem
857 4167 1003 4250 tempore
1045 4185 1103 4228 rex
1145 4163 1332 4250 Stephanus
1371 4164 1457 4251 oepit
1495 4164 1696 4230 Willelmum
1708 4179 1876 4260 Rogwm

477 4245 635 4362 iffid‘
648 4265 687 4329 de
718 4264 920 4330 Mandevilla
949 4265 1038 4351 apud
1069 4265 1229 4331 Sanctum
1251 4266 1428 4347 Albanum,
1459 4266 1536 4332 illue
1560 4269 1696 4334 veniens
1741 4263 1769 4300 ¹¹·
1779 4256 1843 4305 ²³³·

477 4378 575 4428 villeat
647 4366 684 4430 in
713 4388 814 4432 manu
837 4368 977 4453 potenti.
1032 4367 1269 4434 Verumtamen
1300 4375 1478 4456 antequam
1508 4370 1615 4457 ipsum
1645 4390 1714 4437 ee-.

478 4444 633 4497 Slfflbffl·
646 4469 757 4556 pisset,
792 4474 957 4535 certamen
989 4477 1163 4536 cruentum
1197 4472 1380 4553 sustinuit;
1410 4471 1499 4537 unde
1526 4495 1631 4539 eomes
1653 4474 1714 4538 de.

647 4571 830 4649 Harundel,
862 4573 955 4637 miles
986 4572 1064 4638 licet
1094 4573 1252 4661 egregius,
1283 4576 1319 4639 in
1349 4576 1457 4641 medio
1487 4598 1590 4663 aquae,
1619 4599 1712 4662 quae·

678 4867 685 4896 ¹
705 4863 848 4930 Willelmus]
868 4865 912 4914 Au
933 4879 1002 4915 error
1021 4864 1061 4913 for
1075 4863 1145 4914 Hen-
1225 4865 1234 4893 ⁴
1251 4862 1406 4931 Willelmum]
1427 4865 1462 4916 So
1470 4867 1523 4916 also
1531 4866 1692 4927 wendover,

643 4945 719 4994 ricus.
755 4944 805 4994 See
816 4954 875 4995 note
886 4946 973 5003 above,
984 4960 1009 5010 p.
1022 4947 1077 4995 267.
1192 4945 1237 4994 but
1248 4944 1300 4993 this
1310 4945 1332 4994 is
1343 4946 1474 4996 amietake
1482 4947 1522 4996 for
1532 4946 1692 5011 (lanfridum,

676 5022 818 5089 2εεὶιιῑίἱία]
837 5024 944 5085 cintillr,
955 5024 1011 5075 MS.
1190 5024 1358 5089 ninnium,
1366 5042 1390 5089 p.
1404 5030 1460 5088 752,
1470 5028 1521 5077 and
1528 5026 1594 5076 Heu.
1603 5026 1693 5083 Haut,

677 5107 686 5135 ³
702 5103 843 5169 sancitum]
864 5102 1017 5167 Saneeitnm,
1028 5102 1085 5153 MS.
1189 5120 1213 5168 p.
1226 5109 1283 5155 393.
