4442 6392
662 913 682 972 8
772 923 939 972 ΜΑΤῙἮΕΙ
963 922 1176 972 ΡΔΒΙΒΙΕΝ818
1199 923 1363 971 HISTORIA
1387 922 1588 972 ANGLORUM.

494 1111 562 1163 Ab.
576 1113 649 1163 10⁶7.
661 1101 696 1162 et
720 1095 843 1182 populo
865 1117 940 1160 cum
968 1115 1098 1158 summa
1122 1092 1328 1159 exultatione
1352 1099 1535 1180 susceptus,
1560 1094 1596 1157 in
1617 1093 1738 1161 verbo.

661 1198 815 1264 veritatis
840 1196 996 1263 omnibus
1026 1217 1139 1283 pacem
1171 1203 1205 1260 et
1236 1195 1411 1261 veritatem
1443 1195 1561 1282 Anglis
1593 1195 1738 1262 denum.

662 1301 775 1367 ciavit.
832 1299 931 1367 Cives
958 1303 1079 1375 autem,
1107 1299 1165 1384 qui
1190 1298 1233 1364 ab
1258 1297 1416 1374 Haraldo,
1441 1299 1575 1364 tiranno
1599 1298 1737 1364 etim.

662 1403 767 1488 probo
791 1407 952 1478 exactore,
976 1401 1111 1486 injustis
1136 1400 1364 1466 exactionibus
1386 1406 1420 1465 et
1444 1400 1591 1488 angariis
1614 1401 1720 1466 veluti

663 1504 707 1570 ab
721 1505 827 1569 altero
848 1502 1057 1568 Beornredo¹
1078 1502 1324 1588 premebantur,
1349 1503 1459 1588 ipsum
1482 1503 1608 1573 ducem,
1624 1503 1737 1588 quasi.

663 1606 806 1672 bostiam
833 1606 874 1670 de
901 1603 985 1670 coelo
1008 1604 1247 1683 transmissam,
1270 1605 1306 1668 in
1337 1604 1529 1669 muneribus
1552 1604 1738 1691 pretiosis.

662 1708 764 1785 simis,
790 1708 825 1771 in
856 1707 990 1773 classico
1020 1727 1265 1791 cainpanarum,
1295 1706 1559 1792 processionibus
1590 1706 1737 1793 religio.

662 1832 784 1887 sorum,
809 1831 882 1875 cum
910 1809 1001 1874 omni
1031 1808 1205 1874 alacritate
1235 1808 1445 1884 honorantes,
1472 1810 1581 1896 ipsum
1609 1830 1738 1897 regem.

662 1912 880 1978 communiter
908 1911 1185 1978 acclamaverunt
1242 1910 1490 1997 Dominieaeque
1514 1911 1885 1999 Nativitatisdtogtven.

662 2015 716 2080 die
731 2014 774 2079 ab
790 2013 945 2087 Aldredo,
961 2012 1160 2078 Eboracensi
1184 2013 1438 2100 archiepiscopo,
1456 2014 1549 2097 regni
1565 2013 1719 2077 diadema
1788 2004 1813 2039 ¹¹·
1827 1992 1849 2039 ¹·

661 2117 823 2201 suscepit;
846 2115 961 2181 timuit
982 2115 1069 2180 enim
1097 2115 1160 2179 hoc
1186 2136 1308 2179 munus
1330 2116 1586 2181 consecrationis
1608 2137 1626 2179 a
1649 2114 1718 2180 Sti-

660 2218 779 2306 gaud0,
811 2216 1044 2284 cantuariensi
1074 2215 1329 2304 archiepiscopo,
1356 2217 1529 2303 suscipere,
1560 2239 1599 2282 eo
1629 2217 1717 2302 quod

661 2320 834 2408 illegitime
879 2324 1098 2405 occupaverat
1137 2318 1225 2382 illius
1263 2319 1495 2384 excellentiam
1533 2318 1716 2407 dignitatis.

661 2421 799 2499 Deinde,
829 2421 992 2508 homagiis
1021 2442 1043 2485 a
1073 2420 1286 2507 magnatibus
1316 2442 1392 2487 cum
1423 2421 1595 2487 fidelitatis
1621 2421 1716 2507 jura·

660 2531 774 2589 mento
803 2523 1039 2609 obsidibusque
1076 2522 1246 2608 susceptis,
1278 2523 1314 2586 in
1351 2542 1454 2609 regno
1491 2523 1715 2601 confirmatus,

659 2625 814 2692 omnibus
836 2626 893 2711 qni
917 2626 959 2690 ad
982 2646 1122 2712 regnum
1145 2625 1376 2710 aspiraverant
1396 2626 1505 2690 fectus
1520 2637 1572 2691 est
1585 2627 1713 2691 terrori.

493 2751 648 2802 neretum·
660 2728 865 2796 Civitatibus
892 2729 997 2815 igitur
1022 2733 1056 2793 et
1074 2727 1192 2792 castris
1218 2727 1399 2813 dispositis,
1421 2728 1628 2814 propriisque
1650 2728 1712 2792 mi·
1739 2736 1891 2815 Boamnd

492 2818 598 2949 ἓξὲξ·
659 2831 774 2896 nistris
801 2831 975 2918 impositis,
1001 2830 1043 2894 ad
1070 2829 1313 2894 Normauniam
1342 2851 1419 2894 cum
1448 2831 1621 2895 obsidibus
1643 2831 1712 2895 An-
1788 2805 1815 2854 ¹¹¹
1828 2807 1853 2855 ²·

588 2921 594 2933 ’
664 2932 741 3018 glise
764 2939 798 2998 et
821 2932 986 2998 thesauris
1009 2931 1193 2996 innumeris
1211 2931 1405 3020 navigavit3
1429 2932 1551 3017 quibus
1573 2932 1717 2999 incarce-

665 3036 747 3100 ratis
764 3045 798 3100 et
813 3035 876 3101 sub
890 3039 985 3100 arcta
1004 3033 1155 3100 custodia
1174 3033 1352 3120 deputatis,
1367 3035 1411 3098 ad
1426 3035 1584 3121 Angliam
1608 3035 1734 3107 denuo,

490 3149 652 3218 Httymnny
665 3137 835 3203 remeavit.
890 3136 935 3202 Et
956 3136 1037 3223 jam,
1061 3135 1133 3201 Deo
1160 3136 1256 3214 irato,
1282 3137 1496 3212 tiranniaaus,
1520 3137 1717 3203 commilito·

492 3221 611 3351 *ἐξὲξ
664 3240 764 3306 nibus
794 3239 864 3305 suis
901 3238 1104 3304 Normannis
1134 3243 1241 3303 terras
1270 3239 1466 3323 Anglorum,
1497 3239 1555 3324 qui
1585 3261 1620 3304 se
1653 3240 1733 3326 ipsi.

662 3347 781 3428 sponte
806 3340 975 3418 dederant,
1000 3339 1124 3426 ingrati
1149 3362 1238 3405 more
1265 3339 1457 3419 distribuit;
1489 3348 1524 3407 et
1550 3341 1715 3408 modicum

661 3443 755 3522 illud,
780 3444 868 3530 quod
893 3441 962 3508 eis²
986 3449 1199 3518 remanserat,
1222 3443 1285 3507 sub
1305 3442 1389 3528 jugo
1411 3444 1525 3529 posuit
1548 3450 1716 3530 perpetuae

661 3546 843 3611 servitutis.
888 3545 989 3611 Unde
1013 3544 1191 3609 nobiliores
1215 3545 1310 3631 regni
1334 3546 1509 3611 servitutis
1531 3546 1650 3634 ignari,
1666 3549 1716 3611 in·

662 3648 793 3735 dignati
822 3646 1102 3712 inconsolabiliter
1127 3646 1313 3712 doluerunt
1373 3647 1515 3727 Quidam
1543 3649 1649 3736 igitur
1673 3650 1732 3721 ad,

660 3771 772 3838 regem
800 3749 974 3815 Scotorum
1001 3748 1222 3825 Malcolmum,
1249 3749 1385 3834 quidam
1407 3750 1444 3814 in
1471 3749 1617 3828 Daciam,
1644 3751 1733 3838 qui.

660 3851 739 3916 dam
766 3851 801 3916 in
829 3849 1053 3937 Norwegiam,
1078 3851 1215 3937 quidam
1243 3851 1286 3914 ad
1311 3850 1396 3916 alias
1427 3852 1579 3939 regiones
1603 3853 1736 3923 consu.

659 3961 802 4040 gerunt3
840 3953 1002 4018 malentes
1035 3953 1203 4038 propriam
1227 3955 1461 4020 strenuitatem
1492 3960 1527 4020 et
1556 3956 1736 4023 virtutem.

661 4055 814 4143 experiri,
829 4077 929 4142 quam
951 4055 1179 4141 ingratissimo
1197 4054 1332 4120 tiranno
1360 4055 1526 4121 Willelmo
1548 4063 1582 4122 et
1606 4079 1737 4144 snper.

661 4159 724 4224 biae
747 4158 916 4245 subjacere
932 4156 1213 4222 Normaunorum.
1260 4157 1329 4222 Alii
1346 4180 1478 4244 quoque
1500 4159 1572 4225 loca
1587 4160 1735 4225 deserta.

658 4265 819 4347 petentes,
843 4259 982 4325 insidias
1014 4257 1215 4324 Normanuis
1245 4266 1410 4346 parantes,
1440 4262 1563 4327 multos
1592 4283 1635 4326 ex
1664 4262 1729 4326 eis.

949 4460 1000 4466 .-
1231 4461 1518 4466 ———---.—-
1530 4461 1712 4468 ———--—-

694 4584 872 4652 ¹Beoraredo]
883 4588 1034 4647 Boemredo,
1041 4586 1095 4636 MS.
1108 4587 1163 4636 Tho
1186 4596 1188 4645 l
1245 4588 1315 4654 2ιὶιι]
1328 4587 1399 4647 illud,
1409 4590 1465 4639 Ma
1500 4589 1637 4639 Cometed
1645 4588 1713 4638 from

660 4663 771 4714 allusion
782 4665 804 4714 is
813 4673 840 4715 to
849 4667 987 4723 Beomrcd,
997 4665 1040 4714 the
1049 4665 1163 4730 tyranni·
1186 4654 1188 4690 ¹
1213 4667 1357 4717 Wendover
1368 4669 1419 4716 and
1430 4667 1473 4718 the
1483 4670 1565 4733 larges
1576 4667 1713 4718 Chronicle

658 4743 698 4793 cal
707 4742 770 4810 king
778 4743 807 4793 of
815 4743 919 4794 Mercia.
937 4745 983 4795 See
992 4744 1058 4809 Rog.
1069 4745 1163 4794 Wend
1187 4814 1188 4819 1
1211 4744 1237 4794 in
1251 4748 1283 4794 A.
1297 4745 1326 4796 C.
1341 4748 1372 4795 D.

659 4820 694 4871 ad
706 4838 765 4871 nnn.
779 4825 835 4882 758,
848 4827 904 4875 789.
