4442 6392
662 1135 726 1202 164
794 1148 959 1202 usrrnm
984 1148 1195 1201 rssnrsusrs
1217 1145 1383 1199 nrsrours
1406 1145 1607 1199 suouoauu.

496 1330 563 1385 nn.
578 1335 649 1382 1⁰⁹⁹·
663 1324 998 1404 sermocinationibus,
1021 1331 1038 1361 “
1051 1324 1153 1390 Peter
1174 1345 1267 1390 meus
1286 1323 1480 1404 willelmus,
1498 1323 1597 1410 hujus
1619 1323 1732 1411 regni,

664 1433 866 1515 conquestor,
904 1428 988 1494 mihi
1026 1427 1073 1492 nil
1110 1431 1209 1493 terrae
1246 1427 1282 1492 in
1319 1431 1520 1493 testamento
1554 1427 1689 1513 reliquit
1702 1450 1731 1507 3.

664 1532 844 1598 auxilietur
876 1531 958 1597 mihi
987 1550 1075 1595 nunc
1105 1529 1204 1607 Deus,
1235 1551 1302 1596 non
1332 1528 1420 1596 enim
1450 1529 1555 1596 habeo
1579 1530 1635 1595 ubi
1662 1552 1731 1600 re·.

663 1633 780 1699 clinem
818 1638 919 1720 caput
955 1654 1074 1698 meum.
1121 1632 1358 1699 Verumtamen
1395 1633 1490 1719 qussi
1520 1632 1731 1719 prophetico.

663 1736 791 1824 spiritu,
813 1735 930 1802 multis
955 1734 1258 1816 circumstantibus,
1281 1740 1322 1801 ut
1344 1735 1459 1815 nostis,
1483 1735 1625 1800 condens
1646 1739 1732 1803 tes·.

662 1845 849 1905 tomentum
867 1837 1046 1904 moriturus
1064 1837 1147 1902 mihi
1166 1836 1265 1918 dixit,
1280 1837 1369 1902 ‘Fili
1391 1836 1438 1902 mi
1461 1835 1646 1916 carissime,¹
1670 1858 1731 1906 ne.

662 1942 847 2008 solliciteris
869 1949 1028 2027 tanquam
1051 1961 1173 2019 exsors,
1196 1945 1231 2006 et
1252 1939 1341 2006 inter
1362 1939 1482 2006 lintres
1504 1944 1580 2006 tuos
1602 1944 1734 2011 exter.

661 2044 715 2124 ris,
740 2066 819 2109 nam
848 2048 889 2109 tu
918 2043 1060 2129 denique
1090 2042 1202 2109 omnia
1231 2041 1324 2110 heres
1353 2042 1584 2109 universorum
1611 2044 1732 2131 possi·.

663 2145 771 2213 debis!
830 2145 981 2232 Propicio
1012 2146 1083 2212 Deo
1122 2150 1156 2212 et
1192 2146 1288 2211 vobis
1325 2146 1615 2224 consentientibus,
1653 2146 1733 2211 hoc.

662 2248 898 2337 praenosticum
928 2246 1124 2314 verificetur.
1170 2247 1304 2333 Adjecit
1334 2247 1450 2328 adhuc,
1481 2249 1571 2334 quod
1601 2270 1733 2314 omnes.

662 2356 881 2418 antecessores
900 2370 990 2416 meos
1007 2349 1112 2437 gloria
1130 2355 1165 2416 et
1185 2349 1308 2417 honore
1326 2355 1362 2416 et
1376 2350 1465 2437 pacis
1484 2349 1733 2418 abnndantia¹.

663 2475 859 2542 superarem,
894 2474 1036 2540 regnans
1070 2452 1107 2517 in
1139 2451 1277 2540 Anglia*
1296 2453 1355 2518 diu
1386 2474 1425 2518 ac
1457 2452 1603 2519 feliciter.
1650 2453 1733 2519 Re..

662 2557 772 2644 posita
801 2563 852 2623 est
882 2556 952 2622 haec
982 2577 1055 2643 spes
1089 2576 1163 2620 mea
1193 2554 1230 2620 in
1264 2555 1340 2620 sinu
1377 2554 1474 2623 me0.⁸
1529 2555 1604 2622 Hoc
1642 2561 1733 2622 toto.

663 2659 784 2746 spiritu
808 2658 967 2735 desidero,
997 2679 1067 2724 non
1096 2662 1233 2746 propter
1262 2678 1434 2745 personam
1464 2657 1595 2740 meam,⁴
1619 2659 1732 2726 novit.

663 2759 720 2826 ille
742 2761 801 2847 qui
823 2759 908 2825 nihil
930 2761 1073 2847 ignoret,
1104 2760 1163 2827 sed
1192 2764 1328 2847 propter
1356 2782 1425 2841 vos,
1448 2761 1507 2827 din
1536 2782 1734 2849 oppressos„

612 2895 617 2905 »
663 2867 703 2928 ut
740 2862 802 2927 sub
846 2883 922 2949 rege
967 2861 1103 2949 pacifico
1148 2861 1282 2948 possitis
1326 2862 1504 2949 aliquando
1548 2863 1733 2952 respirare.

665 2964 782 3030 Frater
810 2985 903 3030 meus
928 2963 1104 3045 Robertus,
1123 2969 1163 3030 ut
1184 2965 1251 3031 toti
1273 2966 1398 3032 mundo
1420 2971 1524 3054 patet,
1547 2966 1601 3032 vir
1622 2967 1734 3033 belli.

664 3087 765 3147 eosne,
802 3063 985 3131 indomitus
1022 3071 1057 3132 et
1093 3066 1184 3153 pacis
1221 3067 1407 3154 impatiens,
1445 3075 1480 3135 et
1517 3091 1605 3134 nunc
1642 3076 1735 3156 posta

664 3168 839 3235 orientalia
860 3168 978 3256 proelia
999 3168 1074 3257 plus
1097 3169 1202 3236 solito.
1250 3170 1353 3235 Fama
1375 3192 1453 3237 vero
1481 3171 1614 3260 publica
1635 3171 1737 3238 refe-r

664 3275 768 3352 rente,
798 3271 834 3336 in
865 3293 975 3358 regem
1001 3271 1310 3338 Jerosolimitanum
1341 3294 1496 3362 pompose
1530 3274 1630 3340 nimis
1667 3279 1735 3340 est.

665 3374 786 3440 electus
808 3378 843 3439 et
864 3378 999 3439 orestus.
1045 3371 1117 3439 Nec
1138 3373 1281 3453 invideo,
1305 3374 1407 3442 immo
1430 3375 1541 3464 potins
1562 3376 1735 3444 fraternis.

664 3475 852 3564 congaudeo
896 3475 1102 3542 successibus.
1159 3477 1307 3565 Expedit
1349 3477 1453 3560 vobis,
1491 3501 1533 3544 ne
1571 3500 1736 3566 unquam.

665 3577 798 3667 Angliss
820 3577 927 3644 fines⁶
956 3576 1176 3666 ingrediatur,
1200 3600 1260 3645 vos
1290 3581 1547 3662 conculcaturus,
1569 3582 1735 3669 expolia-

664 3686 768 3758 turus,
801 3686 836 3746 et
868 3679 971 3746 variis
1004 3680 1150 3768 angariis
1181 3686 1365 3761 exacturos,
1396 3688 1497 3770 atque
1530 3684 1572 3750 de
1604 3684 1736 3773 spoliis·

664 3783 785 3851 vestris
807 3782 1018 3849 Normannoe
1038 3783 1212 3850 ditaturus
1260 3783 1337 3850 Me⁶
1355 3805 1442 3867 vero,
1455 3786 1543 3874 pecie
1565 3808 1603 3853 ac
1625 3791 1736 3853 tran--

664 3882 867 3974 quillitatis⁷
897 3889 932 3951 et
961 3883 1073 3972 legum
1103 3885 1237 3974 Angliae
1273 3887 1486 3974 antiquarum
1519 3888 1650 3977 piarum
1683 3894 1735 3955 et·

659 3989 825 4075 justarum
856 3991 1038 4053 amatorem
1068 3992 1103 4052 et
1133 3988 1319 4067 zelatorem,
1354 3991 1383 4055 si
1413 3990 1588 4079 contingat
1620 4014 1718 4079 super

663 4111 724 4156 vos
746 4110 889 4178 regnare,
904 4110 965 4156 vos
982 4089 1019 4155 in
1041 4090 1190 4156 caritatis
1210 4090 1351 4157 vinculis
1374 4097 1408 4158 et
1430 4092 1573 4160 brachiis
1595 4096 1736 4183 specim.

663 4192 706 4257 lis
720 4191 908 4258 dilectionis
928 4191 1077 4258 strictius
1094 4213 1133 4258 ac
1150 4193 1280 4260 dulcius
1294 4193 1515 4282 amplexabor,
1530 4202 1565 4263 et
1579 4219 1735 4270 summae.

664 4294 754 4382 pacis
776 4294 901 4361 deliciis
924 4293 1115 4376 confovebo,
1130 4295 1387 4383 possessionibus
1410 4298 1583 4386 ampliabo,
1605 4322 1736 4372 omnes.

665 4394 797 4463 avitas⁸
833 4395 930 4463 vobis
965 4393 1136 4464 libertates
1177 4398 1403 4467 favorabiliter
1440 4402 1645 4470 concedendo
1683 4408 1736 4474 et.

665 4589 673 4597 ο
685 4588 754 4596 ...n-
1617 4593 1712 4600 ᾤ.

698 4689 859 4758 'cubam
877 4690 1019 4754 nundus,
1029 4691 1086 4746 MS.
1247 4697 1469 4767 ’eosquidirotid
1507 4703 1719 4770 ususqnillitatir,

697 4769 886 4838 *studosffl
905 4770 1088 4834 habundancia,
1099 4773 1157 4827 MS.
1214 4777 1271 4830 Me.

698 4849 782 4916 ἥκω]
801 4850 952 4902 Inierllned·
1248 4872 1364 4939 'uuilur]
1390 4873 1417 4923 A
1436 4874 1486 4927 lere
1497 4875 1566 4927 hand
1582 4877 1628 4928 lrss
1645 4880 1721 4930 noted

699 4928 807 4994 ⁴m0m]
826 4929 972 4982 lnteslined.
1215 4949 1243 4999 ln
1260 4949 1303 5001 the
1321 4953 1429 5018 margin,
1458 4957 1565 5006 “ooilos
1586 4957 1653 5008 male
1677 4958 1720 5015 hic

702 5007 793 5074 Ἥκω]
812 5007 906 5058 Added
916 5009 944 5059 ln
955 5025 1035 5077 marg.
1215 5029 1344 5092 ponitur.”

698 5084 778 5164 οΜι]
798 5085 839 5138 On
850 5101 883 5140 sn
895 5102 1002 5142 unsre.
