4442 6392
782 1189 829 1237 nn
850 1188 1010 1238 rnuroun
1032 1188 1133 1239 asora
1155 1188 1332 1238 sumnam.
1488 1256 1490 1259 ι
1527 1176 1589 1238 269

520 1359 682 1428 .Oomitis
703 1363 767 1430 fuit
793 1365 979 1452 deputatus.
1025 1364 1099 1445 Qui,
1123 1365 1161 1430 in
1183 1365 1296 1430 odium
1318 1370 1352 1431 et
1381 1363 1591 1451 opprobrium
1603 1379 1673 1430 Am.
1690 1385 1761 1430 11⁴1.

521 1465 652 1551 .ipsius,
667 1467 746 1553 quia
766 1467 909 1532 multum
932 1468 963 1533 ei
982 1468 1019 1532 in
1041 1467 1308 1554 expeditionibus
1331 1471 1498 1545 nocuerat,
1514 1465 1592 1531 fecit

540 1568 572 1633 ei
587 1590 747 1634 carcerem
762 1569 799 1635 in
814 1575 921 1635 castro
943 1570 1124 1657 specialem,
1149 1571 1261 1636 dicens
1276 1570 1307 1636 ei
1322 1569 1461 1648 satirioe,
1476 1569 1592 1649 “Quia
1604 1574 1652 1626 ffis
1664 1574 1750 1640 impri-

521 1669 726 1764 meremus
759 1671 877 1738 diceris
908 1679 1125 1759 cognomento
1158 1673 1287 1751 ursel,
1322 1672 1386 1738 tibi
1416 1670 1592 1759 specialem
1602 1654 1729 1774 ffi

521 1779 659 1854 mtrem,
691 1774 750 1862 qui
781 1775 899 1842 Oloera
927 1776 1110 1862 vulgariter
1146 1776 1275 1854 dicitur,
1320 1775 1522 1862 praeparabo,
1552 1776 1767 1840 aesia-Coum,

521 1877 712 1942 ‚martellus
732 1876 922 1943 includatur
946 1877 983 1941 in
1013 1876 1169 1945 cloera.’'¹
1227 1879 1273 1943 Et
1305 1878 1478 1944 intrudens
1515 1900 1590 1942 eum

521 1978 635 2060 .inibi,
663 1979 893 2046 miserabiliter
914 2003 990 2047 eum
1016 1980 1151 2046 artavit.
1196 1979 1243 2045 Et
1269 1984 1448 2066 antequam
1475 1980 1590 2057 exiret,
1603 1990 1726 2056 Hegiva

542 2081 688 2148 reddidit
709 2082 909 2171 imperatrici
932 2083 1182 2150 Sirebmniense
1204 2082 1376 2150 castellum
1398 2104 1458 2170 pro
1472 2057 1749 2175 Ιίδθω-ζξὲξξζιε

543 2185 634 2250 tione
655 2206 721 2250 sua
1601 2193 1682 2245 totae

1604 2276 1721 2324 empress

609 2456 769 2526 Maeote
791 2456 997 2546 imperatris
1019 2456 1146 2526 obsesso
1171 2480 1281 2545 repom
1303 2457 1517 2546 Stephanum

1000 2560 1132 2629 deluat
1305 2559 1307 2564 ’

373 2719 532 2787 ΒοςΜωᾱ.
589 2705 756 2774 Audiente
778 2714 889 2775 autem
912 2708 1024 2776 eodem
1055 2715 1203 2798 tempore
1232 2731 1309 2797 rege
1332 2707 1501 2796 Stephano
1529 2707 1592 2772 im·
1605 2710 1716 2792 septen

407 2788 500 2840 Μ·
543 2811 735 2896 peratricem
758 2833 827 2877 esse
848 2811 939 2900 apud
962 2811 1127 2878 Oxoniam
1156 2814 1191 2878 in
1220 2812 1362 2890 castello,
1386 2833 1461 2877 cum
1490 2830 1593 2898 parvo
1604 2779 1740 2897 ltffigffi

543 2913 711 2992 comitatu,
734 2914 866 3001 collegit
897 2916 1080 2981 exercitum
1103 2915 1278 3001 copiosum,
1302 2920 1335 2980 et
1367 2919 1442 3001 post
1470 2915 1593 2978 festum
1604 2914 1688 2966 came.

543 3017 649 3109 sancti
680 3016 850 3083 Michaelis
883 3017 941 3082 illo
974 3019 1148 3104 profectus,
1181 3017 1288 3104 ipsam
1320 3039 1422 3103 usque
1454 3017 1496 3082 ad
1523 3016 1593 3080 Ad·
1628 3011 1659 3055 ²⁹
1672 3007 1740 3071 Sept

543 3124 680 3184 ventum
705 3119 840 3184 Domini
876 3119 1045 3186 obsidione
1071 3119 1222 3185 vallavit.
1281 3121 1323 3184 In
1354 3124 1450 3184 tanto
1481 3124 1593 3183 autem
1629 3114 1740 3166 ³⁰N0V·

542 3226 698 3309 tempore,
730 3244 804 3288 cum
835 3222 974 3288 vidisset
1007 3224 1202 3310 imperatrix
1236 3222 1279 3287 ab
1314 3221 1427 3287 amicis
1458 3222 1526 3286 suis
1558 3242 1593 3286 se

422 3376 425 3397 .
541 3345 610 3389 esse
632 3325 815 3412 neglectam
830 3331 865 3391 et
880 3347 1033 3391 succursu
1055 3326 1261 3404 destitutam,
1278 3324 1485 3390 excubitores
1511 3323 1596 3410 regis

541 3431 684 3491 castrum
716 3426 897 3492 obsidentis
927 3433 999 3493 arte
1030 3427 1189 3493 deludens
1213 3427 1364 3505 feminea,
1402 3431 1497 3491 nocte
1538 3447 1596 3512 per
1607 3432 1704 3499 Brome
1715 3435 1762 3486 οἰ.

541 3528 733 3594 Tamensem
769 3530 917 3606 fluvium,
950 3530 1054 3617 glacie
1087 3535 1169 3595 tunc
1203 3529 1417 3595 constrictum
1449 3550 1488 3593 ac
1517 3528 1595 3593 nive
1606 3499 1764 3631 ζζθξῗξῗ

543 3631 742 3712 dealbatum,
765 3632 850 3698 albis
873 3632 1115 3698 circumamicta
1129 3633 1285 3710 vestibus,
1301 3654 1378 3697 cum
1397 3631 1595 3717 quibusdam
1605 3641 1698 3698 agen.

524 3734 709 3800 .sodalibus
730 3756 789 3822 per
810 3735 974 3822 posticum
1005 3735 1081 3800 illac
1112 3735 1197 3800 clam
1227 3735 1268 3800 de
1298 3739 1394 3801 nocte
1417 3735 1523 3799 exivit
1554 3734 1595 3800 de

522 3836 696 3918 .castello;
736 3858 796 3902 nec
825 3843 876 3903 est
905 3838 979 3903 visa
1008 3859 1029 3902 a
1058 3836 1217 3925 vigilibus
1242 3836 1297 3903 vel
1324 3836 1594 3925 exploratoribus,

543 3960 612 4025 prae
637 3938 856 4004 similitudine
876 3939 964 4004 nivis
989 3944 1024 4006 et
1046 3938 1178 4005 candidi
1200 3938 1369 4005 muliebris
1392 3939 1592 4005 vestimenti.

543 4038 590 4106 Et
616 4041 663 4107 sic
693 4041 811 4108 fefellit
838 4041 970 4108 oculos⁹
1001 4042 1215 4108 intuentium.
1270 4043 1366 4109 Abiit
1396 4063 1473 4130 ergo
1496 4048 1591 4109 nocte
1604 4052 1726 4120 Shegoes

542 4142 600 4207 ua
625 4143 669 4208 au
706 4148 850 4210 anuum
881 4145 923 4210 oe
950 4145 1186 4232 vinngerord,
1216 4145 1260 4210 au
1289 4145 1446 4212 arianum
1469 4121 1757 4240 filium-fflffm

544 4244 691 4324 Comitis,
706 4252 747 4312 ut
764 4268 799 4312 se
819 4246 965 4315 salvaret
986 4248 1029 4314 ab
1043 4247 1203 4313 hostibus.
1249 4247 1304 4314 Sic
1318 4253 1430 4314 tamen
1446 4254 1591 4315 castrum
1603 4254 1764 4371 ἔμπε-

543 4346 735 4414 Oxonicnse
755 4349 826 4436 regi
848 4350 1017 4417 redditum
1040 4355 1100 4430 est,
1124 4351 1197 4438 ipsa
1222 4356 1317 4418 caute
1339 4352 1486 4418 liberata

576 4641 583 4673 ¹
596 4642 679 4693 dicens
696 4681 703 4695 .
716 4680 723 4694 .
736 4680 743 4694 .
756 4681 762 4695 .
780 4642 875 4710 cicera]
901 4652 934 4724 et⁸
943 4644 1045 4696 vocavit
1124 4643 1238 4711 ²oculor]
1257 4646 1351 4696 Added
1361 4646 1388 4696 in
1401 4659 1480 4709 marg.

544 4720 632 4773 Cloere
642 4724 729 4783 Brien,
740 4723 783 4774 W.
792 4724 818 4774 Λ
830 4724 858 4776 G.
871 4725 904 4774 D.
