4442 6392
621 1138 665 1201 94
740 1152 906 1202 usinum
930 1151 1144 1202 rsursrrrsrs
1166 1153 1332 1202 mercum
1355 1152 1556 1205 suenorum.

452 1331 521 1382 al).
536 1338 606 1386 1097.
621 1324 777 1390 dentibus
799 1326 880 1390 viris
910 1330 945 1389 et
975 1325 1128 1404 literatis
1151 1326 1249 1413 quod,
1281 1326 1424 1413 peccatis
1454 1327 1674 1413 exigentibus,

619 1428 779 1513 praedicta
808 1427 1040 1494 incommoda¹
1072 1429 1272 1494 acciderunt.
1319 1430 1548 1521 Decreverunt
1569 1431 1675 1516 igitur

618 1535 751 1620 pariter,
785 1535 970 1601 meretrices
1010 1556 1130 1612 omnes,
1163 1556 1238 1620 quae
1275 1557 1310 1600 se
1347 1535 1479 1601 lotrices
1516 1535 1690 1623 appellari.

618 1637 773 1714 fecerunt,
788 1638 831 1703 ab
846 1638 994 1703 exercitu
1008 1638 1204 1723 sequestrari
1218 1662 1226 1718 ;
1243 1638 1413 1715 adulteria,
1430 1638 1672 1719 fornicationes,
1683 1647 1843 1765 &Qui

619 1739 803 1819 ebrietates,
819 1741 1109 1818 commessationes,
1125 1740 1219 1817 alces,
1236 1745 1271 1806 et
1285 1740 1459 1806 horribiles
1479 1741 1672 1827 jurationes,

613 1842 713 1906 simul
735 1847 770 1907 et
791 1865 903 1908 omnes
924 1842 1063 1920 fraudes,
1085 1842 1282 1908 interdicere
1305 1843 1487 1924 universis3
1509 1849 1557 1922 ut,
1583 1845 1671 1909 omni

616 1945 775 2031 spurcitia
795 1945 974 2025 eliminata,
997 1946 1109 2010 adesse
1141 1945 1205 2009 sibi
1236 1945 1385 2009 divinam
1414 1947 1671 2012 misericordiam

616 2047 788 2113 humiliter
810 2047 1033 2133 implorarent
1080 2047 1220 2112 Factum
1243 2054 1294 2112 est
1315 2054 1438 2125 autern,
1453 2054 1493 2113 ut
1515 2071 1575 2135 per
1598 2072 1672 2136 gra·

616 2151 700 2214 tiam
722 2151 794 2217 ¹Dei
825 2149 1170 2237 superabundantem,⁹
1199 2150 1319 2236 populo
1353 2151 1403 2215 ad·
1426 2151 1556 2238 frugem
1588 2154 1670 2218 vitoe

616 2253 761 2318 melioris
782 2258 946 2331 revocato,
963 2275 1005 2318 ex
1026 2258 1124 2340 parte
1148 2253 1330 2339 quiesceret
1352 2254 1403 2319 ira
1425 2254 1498 2332 Dei,
1515 2256 1574 2342 qui
1596 2277 1686 2324 cum.

616 2357 721 2422 iratus
743 2356 903 2434 extiterit,
927 2355 1159 2452 misericordiae
1182 2357 1379 2422 recordatur.

676 2661 798 2727 Jocoso
823 2660 996 2726 srtbtc'lc'tos
1022 2660 1225 2726 Bcamuads'
1249 2661 1472 2747 ecquorotores
1495 2660 1611 2746 clepit.

448 2820 514 2899 rear
524 2836 594 2873 ocor-
662 2808 886 2873 Movcbantur
908 2813 1021 2873 autem
1043 2830 1144 2896 supra
1175 2808 1310 2872 modum
1343 2830 1386 2873 ex
1411 2808 1473 2873 hoc
1496 2808 1669 2895 peregrini,
1680 2825 1838 2905 Rogwend.

449 2890 708 3018 :ffinbtlhequod
737 2911 885 2976 sciebant
915 2910 1140 2997 exploratores
1168 2933 1238 2976 esse
1261 2911 1299 2975 in
1324 2911 1474 2976 exercitu
1499 2931 1543 2975 ex
1565 2913 1670 2976 omni-
1724 2896 1751 2946 ¹i·
1764 2901 1804 2946 ⁹⁶·

449 3035 528 3085 camp.
619 3012 681 3076 bus
717 3013 852 3077 orientis
887 3013 1089 3091 nationibus,
1124 3013 1213 3079 inter
1239 3013 1351 3100 quos³
1386 3014 1671 3080 conversabantur

619 3114 781 3179 increduli
793 3140 801 3196 ;
833 3115 913 3180 dum
936 3116 1163 3201 unusquisque
1194 3137 1308 3181 eorum
1339 3117 1378 3180 de
1407 3117 1540 3204 proprio
1579 3121 1669 3181 statu

614 3216 782 3293 sollicitus,
799 3218 880 3282 scire
896 3217 1030 3282 volebat
1052 3218 1195 3303 qualiter
1210 3240 1244 3284 se
1261 3222 1378 3283 contra
1391 3224 1523 3283 tantam
1538 3220 1670 3305 expedi-

614 3319 739 3384 tionem
765 3319 938 3384 defendere
959 3319 1126 3386 valuisset.
1174 3321 1318 3386 Etcum
1345 3320 1534 3406 hujusmodi
1555 3322 1687 3408 explo-.

615 3427 741 3487 ratores
767 3422 1074 3508 multiplicarenter,
1099 3424 1260 3510 surrepsit
1286 3423 1323 3486 in
1346 3422 1467 3510 populo
1494 3423 1612 3489 scisma
1635 3429 1686 3488 et.

615 3525 769 3590 confusio.
817 3525 888 3589 Nec
915 3526 1005 3590 enim
1033 3530 1105 3590 erat
1129 3525 1262 3591 difficile
1288 3526 1552 3612 exploratoribus
1579 3527 1669 3592 inter

615 3632 744 3693 nostros
767 3626 880 3707 latere,
905 3649 981 3693 cum
1004 3633 1202 3694 mercatores
1225 3629 1261 3692 in
1289 3629 1436 3694 exercitu
1463 3628 1670 3708 victualium,

615 3731 673 3796 alii
697 3730 835 3810 Graecos,
864 3731 922 3795 elii
950 3730 1116 3810 Surianos,
1144 3731 1203 3795 alii
1228 3731 1406 3796 Armenios
1433 3753 1468 3796 se
1493 3753 1562 3796 esse
1584 3731 1670 3796 affir-

614 3838 751 3898 marent
812 3833 858 3897 Et
897 3855 972 3898 cum
1002 3834 1193 3920 hujusmodi
1224 3834 1446 3920 exploratores
1475 3834 1595 3899 famem
1619 3835 1669 3899 in-

614 3938 775 4002 valescere
790 3935 889 4001 simul
905 3942 939 4001 et
954 3936 1193 4002 mortalitatem
1209 3937 1433 4023 conspicerent
1455 3937 1491 4000 in
1514 3938 1669 4017 exercitu,

613 4041 801 4105 timuerunt
827 4039 991 4126 peregrini
1006 4039 1114 4120 valde,
1138 4061 1189 4118 nc,
1212 4040 1240 4103 si
1266 4045 1364 4104 tanta
1387 4039 1558 4104 calamitas
1581 4041 1668 4105 inter
1734 4085 1738 4094 ν

613 4145 754 4229 gentiles
778 4141 1056 4218 disseminaretur,
1080 4141 1152 4228 ipsi,
1177 4141 1319 4207 collectis
1342 4142 1543 4206 militaribus
1557 4143 1668 4229 copiis,

614 4245 891 4333 supervenientes,
907 4245 1095 4331 peregrinos
1119 4245 1298 4308 obruerent
1312 4244 1491 4308 universos,
1519 4243 1668 4332 Cumque

614 4349 779 4435 principes
804 4353 921 4412 contra
952 4347 1014 4411 hoc
1040 4346 1171 4411 nullum
1198 4347 1385 4433 potuissent
1411 4347 1593 4412 remedium
1618 4349 1668 4411 in-

446 4464 588 4533 Srstagem
617 4452 739 4529 venire,
756 4450 809 4514 vir
831 4449 1025 4537 perspicacis
1047 4449 1176 4536 ingenii
1191 4449 1414 4528 Bcamundus,
1428 4450 1513 4514 circa
1527 4451 1670 4536 primum

446 4534 570 4598 Pmfiffl
616 4555 723 4620 noctis
738 4552 907 4639 sequentis
922 4552 1157 4640 crepusculum,
1173 4574 1245 4616 cum
1269 4552 1328 4616 alii
1350 4552 1475 4617 sodales
1490 4575 1549 4640 per
1563 4559 1671 4618 castra

445 4603 479 4668 by
490 4602 565 4652 order
579 4601 611 4652 of

445 4669 586 4720 Boemrnd
618 4657 659 4722 de
682 4661 844 4743 apparatu
859 4677 961 4720 coenae
976 4655 1016 4718 de
1032 4676 1122 4721 more
1145 4659 1254 4719 essent
1276 4655 1418 4735 solliciti,
1442 4656 1560 4720 adduci
1586 4679 1671 4743 prae·

651 4936 831 5002 ¹incommcda]
851 4937 992 4995 incomoda,
1003 4935 1060 4986 MS.
1199 4934 1292 5000 Ἱππ]
1311 4934 1449 5000 quas,MS.

649 5015 917 5086 ²siqrcrulncrdaoterr]
948 5016 1120 5079 superhabun-

614 5104 728 5161 dmtem,
737 5096 793 5150 MS„
