4442 6392
645 1135 710 1198 142
771 1147 937 1196 narrem
960 1145 1175 1197 racmlnnsrs
1197 1146 1360 1197 merosus
1381 1145 1581 1195 auenoann.

472 1327 541 1378 AJ³·
555 1332 628 1381 1⁰⁹9·
642 1324 761 1403 titudo,
801 1348 904 1390 unum
941 1324 1138 1390 habentium
1173 1347 1346 1390 commune
1383 1325 1598 1411 propositum,
1637 1328 1696 1388 aut

640 1428 767 1492 animas
789 1450 849 1515 pro
865 1427 998 1494 Christo
1019 1449 1150 1514 ponere,
1166 1433 1226 1494 aut
1241 1429 1357 1493 urbem
1381 1427 1580 1493 Christianae
1602 1428 1696 1492 resti·

640 1538 732 1596 tuere
758 1530 915 1596 libertati.
961 1530 1164 1597 Accedentes
1185 1530 1290 1617 igitur
1312 1532 1355 1596 ad
1369 1552 1516 1618 pugnam
1538 1530 1694 1607 universi,

639 1655 733 1700 muro
747 1633 941 1700 nitebantur
963 1633 1133 1698 machinas
1155 1633 1327 1722 applicare
1373 1634 1422 1699 At
1444 1634 1531 1699 cives
1552 1634 1696 1699 viriliter

637 1737 836 1814 resistentes,
867 1735 1011 1802 telorum
1036 1735 1140 1822 jactu,
1174 1735 1374 1824 sagittarum
1407 1736 1521 1816 imbre,
1545 1736 1692 1822 lapidum

637 1840 851 1916 contorsione,
865 1839 995 1926 ignium
1009 1839 1220 1920 immissione,
1236 1839 1411 1905 conamina
1421 1838 1692 1926 impugnantium
1705 1878 1712 1893 ·

637 1943 801 2009 horrendo
824 1943 953 2030 impetu
982 1942 1228 2028 retorquebant
1275 1942 1393 2008 Nostri
1423 1964 1441 2007 e
1471 1946 1595 2024 contra,
1619 1964 1692 2029 pro-

637 2047 719 2112 tecti
755 2045 877 2133 clipeis
908 2046 1025 2133 targiis
1056 2051 1091 2111 et
1121 2045 1276 2125 cratibus,
1306 2050 1378 2110 tam
1414 2044 1555 2110 arcubus
1592 2066 1691 2131 quam

636 2149 766 2215 balistis
788 2149 856 2215 tela
870 2148 1057 2237 frequentia
1070 2147 1288 2214 remittebant
1301 2173 1311 2230 3
1333 2153 1368 2214 et
1382 2147 1493 2214 fundis
1515 2148 1711 2236 pugillares·

636 2253 771 2339 lapides,
793 2258 828 2318 et
850 2251 1059 2318 trubuuculis
1081 2251 1301 2338 petrariisque
1323 2273 1404 2317 saxa
1425 2251 1564 2316 molaria
1585 2256 1711 2316 trans--

636 2355 819 2435 mittentes,
841 2355 884 2420 ad
919 2376 1051 2420 murum
1087 2354 1238 2420 accedere
1272 2354 1486 2430 conabantur,
1525 2353 1596 2431 hiis,
1635 2355 1692 2440 qui

635 2458 672 2524 in
695 2459 842 2523 turribus
876 2463 980 2538 erant,
1015 2458 1163 2544 requiem
1193 2457 1424 2523 subtrahentes
1454 2463 1489 2522 et
1518 2457 1691 2522 audaciam

635 2561 815 2633 resistendi.
863 2561 932 2626 Vix
970 2561 1059 2626 enim
1092 2582 1211 2625 manus
1242 2561 1297 2625 vel
1331 2564 1439 2646 caput,
1475 2559 1577 2624 etiam
1609 2558 1710 2624 hora·

635 2664 836 2742 brevissima,
867 2663 904 2728 iu
937 2664 1201 2750 propugnaculis,
1223 2663 1306 2749 quin
1329 2662 1396 2728 telo
1419 2661 1474 2728 vel
1505 2662 1581 2727 telis
1614 2662 1710 2728 ilico·

635 2765 858 2854 impeteretur,
873 2767 986 2853 potuit
1000 2763 1178 2854 apparere.l
1226 2763 1296 2829 Alii
1312 2786 1391 2830 vero
1413 2763 1501 2828 infra
1516 2764 1689 2830 constituti

635 2869 803 2934 machinas
826 2875 860 2935 et
883 2869 1016 2934 castella
1030 2868 1150 2955 lignea,
1165 2873 1328 2933 nostrates
1342 2867 1559 2932 multifariam
1580 2867 1708 2933 defen·

636 2972 752 3037 dentes
789 2972 869 3036 dum
906 2975 1076 3057 protervos
1114 2970 1258 3036 assultus
1295 2971 1449 3050 facerent,
1487 2970 1578 3035 omni
1614 2971 1710 3035 nisu.

636 3078 795 3161 satagunt
820 3075 945 3139 moenia
971 3072 1094 3138 crebris
1124 3073 1321 3160 impulsibus
1343 3073 1492 3139 incutere
1515 3078 1549 3138 et
1573 3073 1708 3139 debili·

636 3184 716 3254 tare,
747 3176 801 3242 vel
824 3183 1048 3263 prostemere;
1081 3175 1139 3241 sed
1169 3197 1229 3241 nec
1251 3175 1395 3241 multum
1424 3175 1579 3263 proficere
1603 3179 1860 3260 com-Ropwenu

636 3281 824 3366 probantur.
871 3279 961 3344 Nam
978 3277 1086 3358 Turci,
1102 3278 1159 3365 qui
1174 3278 1266 3344 intus
1281 3282 1385 3359 erant,
1401 3301 1421 3343 a
1435 3278 1688 3366 propugnaculis
1734 3255 1787 3299 ¹¹'¹
1809 3255 1832 3302 ⁸·

636 3404 743 3449 saccos
757 3382 914 3448 stramine
929 3385 964 3446 et
978 3380 1073 3468 palea
1087 3380 1237 3467 repletos,
1254 3387 1356 3446 restes
1376 3385 1411 3446 et
1425 3386 1538 3458 crates,
1553 3381 1689 3468 tapecia,

635 3508 710 3552 cum
737 3485 896 3560 trabibus,
918 3483 1072 3548 culcitras
1102 3482 1251 3548 bombice
1274 3484 1420 3562 refertas,
1442 3507 1463 3548 a
1487 3484 1634 3549 turribus
1656 3488 1691 3549 et

635 3610 729 3654 muro
744 3586 986 3673 aliquantulum
1010 3585 1218 3664 demiserant,
1239 3591 1278 3671 ut
1303 3607 1495 3673 percorum
1518 3586 1691 3651 mollitiem

636 3697 670 3758 et
692 3690 914 3756 mobilitatem
948 3694 1172 3754 contortorum
1198 3688 1369 3753 molarium
1396 3689 1481 3753 ictus
1511 3689 1690 3767 eluderent,

635 3800 670 3861 et
692 3799 879 3860 nostrorum
901 3792 1048 3857 laborem
1071 3790 1260 3871 inanirent;
1293 3790 1420 3878 lapides
1451 3791 1552 3855 etiam
1576 3791 1691 3878 damp-

635 3919 731 3964 nosos
753 3919 796 3963 ex
817 3896 885 3962 suis
908 3894 1070 3960 machinis
1093 3916 1167 3959 curn
1192 3893 1267 3959 telis
1290 3915 1359 3958 non
1389 3892 1558 3980 segniter⁹
1579 3895 1691 3959 remit

635 4006 767 4081 tentes3
805 4005 839 4065 et
869 3999 916 4063 sic
945 4003 1075 4064 nostros
1105 3996 1148 4062 ab
1171 4018 1267 4085 opere
1297 3996 1500 4084 repellebant
1529 3996 1690 4063 inchoato.

635 4102 770 4169 Nostris
804 4102 947 4188 insuper,
980 4105 1020 4166 ut
1050 4099 1175 4165 vallum
1201 4100 1296 4186 jactu
1330 4098 1496 4178 ruderum,
1521 4100 1689 4187 cespitum,

633 4205 791 4293 lapidum,
825 4205 984 4270 fruticum
1014 4209 1048 4268 et
1078 4208 1177 4268 terrae
1207 4202 1393 4289 implerent,
1426 4208 1461 4268 et
1491 4203 1535 4268 ad
1567 4202 1692 4269 moenia

633 4313 790 4397 pararent
812 4329 984 4384 accessum,
1008 4327 1085 4371 cura
1110 4304 1176 4370 fuit
1198 4305 1397 4392 propensior.
1442 4304 1509 4371 Sed
1530 4305 1690 4371 inclusio

633 4433 790 4480 converso
816 4413 1012 4498 argumenta
1042 4406 1247 4494 argumentis
1269 4413 1481 4495 opponentes,
1504 4412 1543 4472 ut
1573 4429 1687 4474 eorum

633 4515 837 4603 propositum
850 4508 1046 4589 irritarent,³
1064 4511 1101 4574 iu
1123 4511 1211 4597 ipsas
1226 4509 1395 4575 machinas
1410 4514 1516 4576 torres
1531 4511 1688 4589 incensos,

633 4617 701 4683 tela
715 4617 824 4701 ignita
838 4616 907 4681 oleo
928 4620 963 4680 et
985 4612 1142 4700 sulphure
1164 4617 1261 4700 pasta
1275 4617 1310 4678 et
1329 4612 1422 4690 illita,
1439 4619 1479 4677 ut
1502 4636 1557 4678 cas
1572 4635 1687 4679 exure·

632 4726 717 4799 rent,
732 4719 884 4785 certatim
902 4715 1143 4803 jaculabantur.
1189 4715 1272 4780 Erat
1295 4715 1428 4802 quidem
1443 4717 1566 4782 nostris
1579 4717 1705 4803 impar.

632 4823 725 4888 labor
740 4827 774 4888 et
795 4819 987 4909 periculum,
1002 4820 1083 4886 dum
1105 4819 1213 4885 nostri
1235 4819 1279 4883 ab
1301 4819 1385 4901 imis,
1401 4819 1457 4884 alii
1477 4820 1519 4885 ab
1542 4820 1704 4888 aminon·-

1091 4966 1174 4972 —..
1202 4965 1340 4971 --.-.-.
1357 4966 1407 4970 ...-
1449 4966 1458 4970 -
1465 4966 1679 4974 -—-——.—-..

668 5047 905 5114 ¹potuitcppcrere]
915 5045 1041 5097 Addedin
1049 5060 1128 5110 marg.
1223 5044 1382 5110 ’irritarem
1396 5044 1518 5107 iritareut,
1529 5045 1585 5098 MS.

668 5127 805 5196 maim]
825 5125 940 5193 nigrim,
952 5125 1009 5178 MS.
