4442 6392
667 1160 732 1227 418
807 1172 974 1226 ulmum
997 1171 1212 1225 claremaus
1234 1170 1399 1223 maroam
1419 1170 1627 1225 morosum

501 1356 570 1409 ΑΒ.
586 1360 743 1416 mearum
775 1351 957 1416 Henricum
988 1348 1152 1435 colloquio
1182 1345 1293 1413 inter¹
1327 1347 1513 1414 Gisorcinm
1535 1353 1573 1414 et
1603 1346 1738 1430 uriam,

502 1448 636 1569 ἓξὲξ·
667 1453 754 1521 sicut
775 1453 932 1521 convenit
954 1451 1042 1519 inter
1064 1472 1127 1529 eos,
1143 1449 1300 1517 videlicet
1322 1450 1390 1517 sic:
1415 1456 1435 1487 “
1447 1450 1520 1539 Ego
1540 1449 1739 1539 Philippus,

618 1532 656 1584 ’γ’
668 1557 731 1622 Dei
763 1557 873 1645 gratia
905 1578 966 1622 rex
995 1554 1206 1632 Francorum,
1241 1557 1276 1620 et
1308 1574 1370 1641 ego
1402 1553 1580 1632 Henricus,
1612 1554 1737 1620 eadem

667 1658 775 1746 gratia
807 1681 867 1726 rex
891 1659 1085 1746 Anglorum,
1116 1657 1159 1723 ad
1190 1656 1337 1722 omnium
1366 1658 1520 1723 volumus
1548 1658 1739 1745 pervenire

667 1763 831 1840 notitiam,
857 1762 945 1849 quod
975 1760 1083 1827 foedus
1109 1766 1145 1827 et
1174 1758 1356 1826 amicitiam
1385 1759 1451 1825 fide
1480 1759 1597 1826 madia
1630 1760 1737 1827 inno·

668 1867 821 1931 vovimus
857 1869 892 1931 ct
922 1868 1136 1930 sacramento.
1183 1862 1237 1940 Et,
1268 1868 1309 1928 ut
1340 1883 1453 1929 omnes
1478 1862 1604 1929 amodo
1639 1864 1738 1931 inter

668 1989 728 2033 nos
760 1966 954 2034 auferantur
986 1966 1170 2032 occasiones
1206 1964 1388 2046 discordiae,
1420 1965 1648 2032 concessimus
1688 1967 1791 2045 adua

667 2070 822 2151 invicem,
848 2075 888 2136 ut
913 2070 953 2135 de
983 2068 1081 2136 terris
1108 2067 1231 2134 nostris
1261 2072 1296 2134 et
1325 2067 1600 2154 possessionibus,
1623 2075 1664 2137 st
1691 2072 1736 2139 de
1780 2049 1791 2099 ἰ

668 2173 820 2238 omnibus
838 2172 913 2237 aliis
931 2172 1038 2250 rebus,
1054 2191 1136 2258 quos
1155 2170 1314 2236 habemus
1334 2170 1440 2248 modo,
1459 2171 1545 2237 altor
1564 2172 1738 2241 adversus

666 2277 807 2343 alterum
840 2276 924 2340 nihil
954 2275 1072 2340 amodo
1096 2278 1199 2361 petet,
1231 2280 1369 2361 excepto
1395 2274 1436 2339 de
1458 2274 1661 2357 Arvernia?
1693 2279 1737 2346 de

667 2402 733 2465 qua
764 2380 853 2444 inter
894 2400 954 2443 nos
988 2382 1039 2443 est
1081 2378 1260 2455 contentio,
1299 2382 1334 2443 et
1373 2382 1512 2463 excepto
1551 2377 1657 2447 feodo
1694 2384 1737 2449 de

669 2480 978 2567 CastroRadulphi,
1002 2485 1036 2545 et
1063 2479 1208 2567 exceptis
1239 2479 1379 2545 minutis
1401 2479 1509 2546 feudis
1530 2484 1676 2562 nostris,
1701 2491 1737 2551 et

668 2585 783 2650 divisis
807 2588 970 2649 terrarum
993 2586 1181 2648 nostrarum
1211 2582 1252 2648 de
1280 2582 1381 2648 Berri.
1427 2581 1464 2647 Si
1486 2588 1606 2649 autem
1629 2608 1738 2675 snper

668 2687 741 2764 hiis,
764 2709 838 2773 quac
861 2690 1000 2772 excepta
1020 2689 1108 2764 sunt,
1132 2706 1191 2772 per
1216 2687 1432 2773 nosmetipsos
1455 2687 1643 2754 convenire
1667 2713 1738 2757 non

668 2789 858 2876 poterimus,
875 2809 935 2875 ego
954 2787 1126 2875 Philippus
1147 2793 1215 2853 tres
1233 2788 1316 2874 elegi
1335 2787 1504 2874 episcopos
1522 2794 1562 2854 et
1579 2789 1739 2871 barones,

667 2896 703 2957 et
729 2913 789 2977 ego
813 2890 978 2956 chricus
1008 2890 1158 2966 totidem,
1181 2894 1216 2955 ct
1242 2912 1303 2955 nos
1328 2888 1455 2975 judicio
1480 2912 1603 2959 eorum
1627 2896 1737 2963 stabi·

668 3015 742 3061 mus
765 2992 904 3060 firmiter
926 2995 962 3058 et
987 2992 1076 3059 bona
1098 2990 1217 3058 fide.’'³

804 3284 897 3353 Obiit
919 3285 1127 3365 lodowicus,
1149 3306 1208 3352 ccx
1229 3284 1447 3352 Francorum
1469 3285 1589 3372 plac!

500 3454 627 3506 nachor
711 3435 900 3522 Eodemque
923 3440 1071 3522 tempore
1101 3435 1302 3513 Lodowicus‚
1326 3456 1384 3499 rex
1411 3433 1630 3504 Francorum
1655 3440 1735 3528 piis-

499 3521 768 3619 “affigamus
790 3559 828 3603 ac
850 3536 1162 3617 christianissimus,
1185 3542 1220 3603 et
1237 3535 1336 3624 pius⁶
1358 3536 1449 3601 beati
1472 3537 1622 3610 Thomae
1646 3565 1754 3620 maa,

665 3642 740 3707 tiris
763 3640 955 3719 consolator,
979 3647 1013 3707 et
1039 3642 1076 3706 in
1106 3640 1322 3706 tribulatione
1348 3643 1383 3705 ct
1405 3639 1511 3705 exilio
1535 3650 1755 3734 receptator,

582 3803 623 3864 ept
665 3751 699 3812 et
730 3749 904 3832 protector,
940 3743 1087 3809 Parisius
1121 3744 1209 3809 diem
1241 3744 1359 3809 clausit
1388 3748 1598 3829 extremum,
1635 3751 1754 3818 xiiiia.

624 3836 630 3850 '
664 3848 823 3914 kalendas
861 3846 1021 3913 Octobris.
1068 3845 1115 3911 Et
1154 3845 1304 3933 sepultus
1342 3849 1393 3910 cst
1431 3845 1468 3911 in
1519 3854 1736 3921 monasterio

665 3950 890 4018 cisterciensis
906 3947 1050 4028 Ordinis,
1073 3947 1162 4033 quod
1186 3947 1376 4015 Barbellum
1398 3958 1637 4038 nuncupatur,
1663 3980 1738 4046 pro·

666 4054 747 4140 priis
769 4052 956 4139 sumptibus
979 4047 1190 4117 constructo.⁰

521 3798 580 3850 les

669 4216 924 4223 -.......,...-
943 4216 954 4222 -
961 4215 1052 4221 .....,-
1060 4198 1490 4223 ..ᾤ-...ὲ
1497 4217 1736 4236 Ἁ-

700 4306 981 4372 ¹Hearicumcolloqnio
993 4307 1069 4373 inter]
1089 4306 1170 4357 Writ·
1215 4308 1291 4358 dated
1310 4312 1326 4357 4
1347 4307 1399 4357 kal.
1420 4306 1477 4360 Jul.
1498 4308 1553 4377 [28
1566 4313 1671 4386 JuneJ,
1691 4320 1740 4371 «ἢ,

666 4398 708 4441 ten
721 4405 783 4440 over
798 4403 831 4439 an
848 4402 956 4449 erasure,
967 4388 1014 4437 but
1031 4387 1169 4438 thermeda
1215 4392 1273 4439 610.

666 4471 754 4521 erased
773 4484 815 4519 are
835 4468 931 4532 merely
949 4482 964 4516 a
986 4465 1123 4530 repetition
1142 4465 1173 4516 of
1247 4465 1635 4540 ‘TheshieldosFrance(u
1643 4480 1738 4545 above)

666 4547 809 4614 Philippum
821 4563 899 4613 nuper
910 4553 1057 4597 mariolum.
1213 4548 1330 4598 reversed
1341 4547 1363 4596 is
1378 4548 1467 4599 dnwn
1485 4550 1615 4607 between
1633 4558 1681 4611 the
1696 4575 1737 4612 ω

698 4627 859 4693 Ἀνυενηία]
880 4625 1004 4684 Arrenii,
1024 4624 1081 4676 MS.
1095 4646 1102 4685 ;
1121 4624 1167 4674 ΑΙ·
1213 4627 1297 4676 lomna
1308 4626 1339 4676 of
1347 4626 1390 4676 the
1400 4634 1466 4678 text,

666 4708 758 4764 vernia,
770 4705 902 4765 Heroden,
914 4721 937 4770 p.
952 4710 1008 4755 593.
1245 4708 1255 4736 ⁸
1267 4713 1291 4756 ee
1297 4705 1371 4771 pius]
1391 4705 1433 4757 On
1446 4722 1482 4758 an
1494 4725 1618 4768 emm,

698 4784 784 4835 'This
801 4792 882 4850 treaty
899 4787 921 4834 is
939 4784 1016 4849 given
1035 4790 1062 4833 at
1078 4784 1167 4849 length
1245 4784 1416 4850 ‘construam
1436 4787 1477 4840 At
1489 4789 1739 4851 fincvriuenen·

664 4866 692 4914 in
705 4864 837 4925 Houeden,
845 4881 867 4929 p.
883 4870 938 4917 59³.
961 4864 991 4914 In
1002 4863 1095 4915 Diceto
1113 4865 1133 4915 it
1146 4865 1167 4915 ia
1212 4872 1335 4914 alnetum.
