4442 6392
615 1158 680 1222 284
748 1164 915 1223 narrum
939 1169 1153 1221 mmsrausrs
1176 1171 1341 1221 maroam
1364 1168 1562 1221 anomacus.

437 1356 508 1406 hl).
524 1359 594 1409 1147.
615 1369 692 1412 nem
714 1347 863 1411 fidelium
881 1347 1043 1412 virtutem
1065 1351 1251 1413 metuentes
1274 1351 1309 1411 et
1331 1368 1515 1424 numerum,
1538 1367 1668 1433 compo·

439 1465 595 1544 Soneofthe
616 1449 690 1515 sitis
712 1450 855 1527 sarcinis,
871 1450 954 1515 clam
979 1455 1014 1515 et
1034 1450 1075 1515 de
1096 1455 1192 1515 nocte
1215 1451 1328 1537 fugere
1344 1449 1568 1516 decreverunt.
1603 1448 1668 1514 Sed

403 1608 408 1616 .
438 1532 579 1663 ffietffi
616 1552 708 1638 prius
730 1558 915 1619 nostrorum
931 1553 1069 1632 animoa,
1093 1576 1233 1640 quorum
1256 1575 1391 1640 corpora
1405 1553 1537 1618 vincere
1553 1553 1667 1638 nequi-

438 1665 555 1742 theuast
617 1654 708 1732 bant,
741 1678 947 1742 corrumpere
979 1654 1080 1721 anro¹
1120 1660 1370 1743 attemptantes,
1401 1656 1565 1721 dederunt
1594 1656 1668 1740 qui-

438 1733 594 1849 fflffie
614 1758 753 1823 busdam
786 1758 990 1846 principibus
1025 1782 1066 1825 ex
1101 1759 1226 1824 nostris
1258 1759 1298 1824 do
1330 1760 1482 1846 partibus
1510 1757 1669 1824 orientis²

436 1864 514 1929 siege.
613 1863 787 1948 pecuniam
817 1862 995 1941 infinitam,
1026 1863 1084 1948 qui
1116 1862 1263 1949 proinde,
1290 1862 1477 1948 proditione
1508 1863 1668 1927 intestina

614 1966 765 2051 nequiter
784 1965 982 2043 machinata,
999 1964 1204 2030 obsidionem
1222 1965 1348 2030 solvere
1370 1969 1577 2030 conarentur.
1613 1965 1668 2028 In-

614 2069 782 2134 stantibus
813 2073 925 2133 autem
960 2067 1003 2132 ad
1037 2066 1098 2132 hoc
1133 2067 1359 2154 proditoribus
1392 2068 1591 2145 memoratis,
1624 2067 1669 2131 lo·

615 2177 752 2257 quentes
782 2193 856 2236 cnm
886 2172 1083 2256 imperatore
1115 2174 1150 2234 et
1181 2191 1257 2255 rege
1289 2169 1490 2235 Francorum
1522 2170 1557 2234 in
1585 2169 1667 2246 dolo,

614 2276 754 2360 inceptae
783 2272 963 2338 obsidionis
994 2271 1223 2336 difficultatem
1250 2271 1449 2358 allegabant,
1474 2279 1508 2338 et
1538 2273 1579 2337 ob
1609 2272 1670 2337 hoe

440 2383 495 2433 The
615 2377 689 2441 aliis
722 2383 817 2441 erant
848 2376 889 2440 de
921 2363 1108 2461 proditione
1141 2375 1293 2460 suspecti.
1349 2373 1452 2439 Unde
1481 2375 1669 2440 eorumdem

438 2451 569 2567 ssfflm
615 2478 780 2544 malitiam
808 2478 1017 2543 manifestam
1049 2477 1271 2556 attendentes
1294 2482 1329 2541 et
1356 2476 1505 2544 fraudem
1528 2478 1670 2542 orienta-

438 2583 603 2634 homewarus.
615 2582 697 2647 lium
720 2583 906 2668 principum
942 2579 1155 2657 detestantes,
1180 2600 1293 2644 omnes
1320 2585 1485 2665 quotquot
1511 2586 1606 2644 erant
1630 2580 1670 2645 de

615 2686 767 2772 partibus
798 2683 985 2761 occidentis,
1009 2683 1144 2768 praeviis
1174 2683 1371 2768 imperatore
1402 2687 1436 2747 et
1469 2683 1670 2748 Francorum

616 2810 701 2875 rege,
725 2788 766 2852 ad
789 2808 891 2873 regna
918 2807 986 2863 sua,
1010 2783 1087 2850 via³
1110 2785 1224 2850 eadem
1257 2807 1323 2871 qua
1348 2790 1520 2863 venerant,
1545 2784 1670 2850 confusi

615 2889 713 2956 valde
735 2895 814 2954 sunt
836 2888 966 2954 reversi.
1014 2887 1078 2967 Qui
1103 2888 1257 2975 deinceps
1283 2910 1351 2952 non
1375 2887 1480 2953 solum
1504 2887 1589 2964 illos,
1612 2887 1670 2974 qui

616 2992 690 3057 huic
710 2990 934 3057 interfuerunt
949 2990 1139 3076 proditioni,
1156 2991 1213 3056 sed
1236 2996 1270 3056 et
1293 2991 1440 3057 omnium
1459 2990 1670 3056 orientalium

614 3094 801 3179 principum
834 3093 1138 3158 abominabantur⁴
1160 3093 1334 3172 consortia,
1357 3099 1392 3158 et
1418 3093 1590 3160 mendacia
1612 3093 1670 3158 ab-

613 3194 814 3262 lrorrebant.⁵
852 3195 959 3260 Falsis
974 3195 1109 3282 insuper
1124 3219 1199 3261 cum
1216 3196 1304 3261 fictis
1319 3195 1661 3262 sermocinationibus⁶
1679 3238 1687 3253 ·

612 3321 670 3386 per
703 3299 882 3364 exercitum
915 3297 1039 3364 Christi
1074 3298 1381 3380 disseminaverant,
1412 3299 1686 3386 insuperabilem·

612 3389 799 3468 succursum
824 3403 866 3466 ad
891 3401 1122 3467 liberationem
1144 3402 1268 3468 civium
1292 3403 1335 3467 ab
1357 3402 1520 3468 universis
1542 3402 1686 3467 finibus¹

612 3505 749 3570 orientis
772 3505 974 3571 adventasse.
1024 3503 1111 3570 Proh
1127 3505 1255 3591 pudori
1279 3505 1380 3570 immo
1401 3510 1435 3570 et
1458 3506 1540 3592 proh
1557 3504 1686 3571 dolori.

612 3608 673 3695 ipsi
698 3608 848 3674 infideles
878 3607 1026 3672 fidelium
1056 3607 1290 3673 infidelitatem
1321 3608 1566 3674 execrabantur.
1613 3608 1686 3672 Ex·

613 3718 693 3777 tunc
720 3711 824 3798 igitur
850 3710 969 3776 diatim
1001 3710 1110 3797 tepuit
1142 3709 1407 3776 Christianorum
1436 3711 1685 3777 ciroaliberu·

611 3815 736 3881 tionem
758 3813 954 3879 hereditatis
977 3811 1103 3878 Christi
1127 3813 1269 3891 devotio,
1293 3820 1327 3879 et
1360 3812 1468 3879 minus
1502 3815 1685 3880 ferventes·

611 3918 647 3982 in
670 3939 778 3982 amore
802 3915 1078 4004 peregrinationis
1101 3915 1334 3981 efficiebantur.

780 4166 943 4233 Itotertoa
958 4165 1005 4253 fit
1028 4167 1202 4255 episcopua
1225 4166 1490 4236 Lirwolaieasia

435 4321 573 4374 Robertde
658 4313 783 4382 Eodem
814 4338 900 4381 anno
932 4315 1098 4382 Robertus
1129 4318 1169 4382 de
1201 4300 1385 4394 Cheisneto,
1417 4316 1665 4382 archidiaconus
1680 4335 1847 4397 leoffwend

436 4390 557 4521 ffiznfig
568 4457 597 4508 or
614 4417 880 4507 Legecestrensis,
896 4423 1026 4484 creatus
1041 4414 1108 4484 est⁷
1129 4420 1164 4484 in
1189 4419 1377 4507 episcopum
1392 4419 1663 4500 Lincolniensem‚

435 4522 551 4574 Lincoln.

1713 4402 1742 4453 ii.
1756 4411 1818 4460 244.

647 4721 652 4752 ¹
665 4719 740 4787 auro]
761 4720 855 4771 Added
865 4719 893 4770 in
902 4733 981 4786 marg.
1176 4771 1179 4777 ,
1197 4715 1395 4782 ’abhorrebam
1415 4717 1573 4776 aborrebant,
1585 4716 1642 4766 Ma.

643 4801 780 4866 2ονῐιτηίὲε]
799 4802 837 4850 At
853 4801 906 4851 first
924 4799 1024 4850 written
1038 4800 1117 4850 orien-

612 4871 684 4930 lidus

644 4960 720 5025 'viu]
741 4960 886 5012 Interlined.

644 5035 881 5107 ⁴ubomirabanlur]
917 5031 1117 5090 abhominaban·
1196 5036 1265 5102 Ἧι]
1285 5033 1434 5086 Interlined.

610 5128 661 5181 tur,
672 5119 728 5172 MS.

1196 4835 1468 4902 ‘sermocinationum
1515 4835 1608 4884 Added
1640 4834 1667 4884 in

1163 4934 1243 4982 marg.
