4442 6392
667 1130 731 1194 416
796 1142 962 1194 usrsnur
986 1140 1198 1193 rssrsrnusrs
1221 1139 1385 1192 nrsronrs
1406 1139 1606 1193 suomnuu.

500 1332 568 1384 ΑΒ.
582 1337 653 1383 utu
667 1340 761 1406 papae
786 1340 843 1404 per
865 1339 970 1382 annos
993 1317 1126 1397 multos,
1149 1316 1342 1382 sedentibus
1365 1316 1453 1381 inter
1475 1337 1530 1381 eos
1552 1317 1588 1381 iu
1611 1317 1724 1383 collie-

498 1432 610 1495 typope
667 1422 728 1486 ‹lro
763 1420 914 1486 Romanu
948 1420 1058 1497 Lucio,
1091 1419 1240 1499 Urbano,
1274 1420 1442 1507 Gregorio,
1478 1420 1655 1499 Clemente,
1688 1427 1725 1487 et

499 1498 643 1615 ξῗῖοξξζζ,
668 1524 845 1604 celestino,
883 1523 1096 1610 pontificibus
1144 1523 1308 1586 Romans.
1371 1522 1500 1604 Quibus
1545 1523 1724 1589 suessos

500 1631 596 1681 reocal.
669 1626 883 1692 Innocentius
916 1626 1056 1705 Tertius,
1083 1646 1171 1690 onno
1198 1624 1334 1690 Domini
1369 1640 1573 1705 M⁰.cc⁰.xv⁰.,
1606 1626 1723 1691 Rornae

500 1697 568 1748 AJ).
584 1703 654 1748 Μ’·
667 1729 817 1816 generale
842 1729 1015 1795 concilium
1048 1727 1227 1806 celebrans
1258 1726 1406 1793 libellum
1434 1727 1597 1807 Jooohim,
1621 1749 1721 1813 quem

667 1836 782 1898 eontra
813 1831 949 1897 Petrum
979 1830 1086 1896 edidit
1116 1835 1343 1910 memoratum,
1374 1831 1438 1895 lriis
1468 1831 1578 1896 verbis
1604 1831 1722 1917 ‹lump-

667 1935 765 1999 novit
778 1932 799 2000 :¹
826 1932 951 2010 “Nos”
976 1932 1096 2018 inquit,
1121 1939 1239 1997 “ssoro
1255 1938 1289 1998 et
1311 1932 1492 1998 universali
1514 1934 1721 2020 approbante

667 2037 813 2113 coneilio,
836 2035 998 2102 oredimus
1020 2039 1055 2100 et
1081 2035 1278 2101 eonfitemur
1307 2056 1381 2100 eum
1409 2035 1517 2112 Petro,
1539 2037 1628 2122 quod
1651 2030 1910 2120 unanogwffls.

668 2139 820 2226 quosdam
858 2159 988 2202 summo
1027 2159 1079 2202 res
1117 2143 1177 2217 est,
1213 2136 1551 2223 incomprehensibilis
1584 2138 1719 2224 quidem
1770 2123 1800 2174 ἢ·
1815 2132 1880 2177 ⁴⁰³·

667 2248 701 2308 et
734 2240 936 2318 ineffibilia?
966 2263 1042 2326 quae
1075 2240 1236 2305 veroeiter
1267 2245 1318 2305 est
1352 2240 1450 2306 Pater
1482 2247 1516 2306 et
1548 2241 1654 2306 Filius
1686 2251 1723 2308 et

667 2344 813 2431 Spiritus
845 2343 994 2422 Sanetus,
1033 2348 1100 2409 tres
1134 2341 1233 2407 simul
1267 2363 1420 2428 personae,
1454 2364 1493 2408 ue
1524 2343 1722 2430 sigillatim’

666 2445 823 2532 quoslibet
845 2445 1041 2510 earumdem.
1089 2444 1134 2509 Et
1164 2443 1238 2509 ideo
1263 2445 1299 2509 in
1330 2444 1402 2510 Deo
1432 2445 1636 2511 solummodo
1659 2446 1722 2512 tri·

664 2549 754 2614 nitas
777 2553 828 2613 est
854 2553 889 2613 et
913 2569 979 2612 non
1002 2547 1218 2633 quaternitas,
1242 2545 1320 2633 quio
1342 2547 1499 2634 quaelibet
1522 2548 1624 2614 trium
1647 2571 1721 2635 per-

665 2673 822 2716 sonarum
845 2656 896 2716 est
919 2650 976 2715 illa
1005 2672 1065 2727 res,
1089 2649 1281 2715 substantio
1309 2649 1475 2727 videlieet,
1498 2652 1641 2717 essentia
1662 2674 1722 2716 seu

666 2759 787 2820 noturu
816 2752 941 2833 divino,
965 2773 1039 2838 quae
1069 2752 1139 2817 sols
1168 2757 1220 2818 est
1250 2750 1479 2817 universorum
1512 2753 1722 2840 principium,

666 2862 789 2944 prester
819 2877 918 2942 quum
949 2854 1040 2919 uliud
1070 2853 1217 2919 inveniri
1247 2875 1316 2919 non
1348 2858 1465 2940 potest.
1512 2855 1558 2920 Et
1588 2856 1645 2920 illu
1669 2880 1723 2922 res

665 2963 808 3023 nonest
837 2978 1008 3043 generans,
1031 2977 1138 3042 neque
1167 2955 1291 3042 genitu,
1315 2977 1422 3042 neque
1453 2958 1638 3044 procedens,
1663 2961 1722 3024 sed

666 3067 717 3125 est
759 3059 859 3123 Puter
897 3059 954 3144 qui
991 3063 1137 3144 generet,
1176 3064 1210 3124 et
1249 3058 1355 3123 Filius
1387 3059 1444 3145 qui
1478 3060 1651 3146 gignitur‚⁴
1687 3069 1723 3127 et

667 3162 814 3249 Spiritus
838 3159 979 3226 Sanetus
1009 3160 1066 3246 qui
1092 3159 1250 3246 procedit,
1275 3165 1316 3225 ut
1341 3160 1569 3227 distinctiones
1592 3163 1660 3227 sint
1686 3165 1721 3229 iu

667 3264 823 3350 personis,
858 3267 892 3328 et
927 3262 1040 3328 unitus
1073 3262 1108 3325 in
1140 3267 1269 3328 nutura.
1316 3263 1409 3329 Licet
1440 3265 1528 3329 eninr
1561 3265 1645 3330 alius
1676 3268 1723 3333 sit

667 3366 776 3443 Pater,
799 3365 884 3430 olins
915 3364 1029 3444 Filius,
1053 3365 1139 3429 ulius
1169 3364 1316 3452 Spiritus
1339 3365 1490 3442 Sanetus,
1513 3389 1580 3431 non
1610 3374 1723 3433 temen

666 3469 764 3536 aliud.
812 3469 911 3534 Pater
935 3468 1024 3533 enim
1049 3467 1091 3532 ab
1122 3472 1246 3533 {eterno
1278 3467 1401 3533 Filium
1430 3470 1617 3554 generando
1643 3471 1723 3536 sub-

666 3572 825 3637 stantium
860 3571 890 3635 ei
922 3571 1026 3650 dedit,
1056 3570 1158 3655 juxto
1191 3570 1279 3656 quod
1314 3571 1382 3657 ipse
1417 3577 1572 3652 testatur,
1605 3572 1724 3638 ‘Pater

667 3674 754 3759 quod
777 3673 870 3738 dedit
901 3672 991 3748 milri,
1022 3670 1129 3757 majus
1160 3671 1314 3737 omnibus
1344 3672 1436 3739 est.'³
1482 3674 1526 3740 Et
1558 3675 1621 3740 dici
1653 3697 1722 3741 non

667 3781 783 3862 potest,
818 3774 906 3859 quod
942 3779 1071 3861 purtem
1103 3796 1172 3839 suse
1207 3774 1405 3840 substentiae
1437 3775 1487 3840 illi
1518 3777 1654 3854 dederit,
1686 3784 1723 3843 et

667 3883 795 3962 portem
818 3875 994 3940 retinuerit
1025 3875 1094 3962 ipse
1125 3876 1197 3954 sibi,
1221 3898 1297 3941 oum
1327 3877 1516 3943 substantio
1538 3878 1648 3944 Patris
1671 3881 1722 3944 in-

667 3978 844 4043 divisibilis
875 3978 929 4056 sit,
956 3982 1074 4064 utpote
1106 3978 1247 4064 simplex
1279 3980 1421 4045 omnino.
1468 3980 1535 4045 Sed
1565 4003 1625 4048 neo
1657 3983 1722 4049 diei

668 4085 788 4167 potest,
812 4079 900 4165 quod
933 4079 1031 4144 Puter
1061 4080 1098 4143 in
1129 4079 1254 4144 Filium
1286 4083 1496 4148 transtulerit
1526 4105 1619 4149 suum
1645 4085 1723 4149 sub-

667 4183 827 4248 stantium
851 4181 1039 4268 generando
1063 4182 1167 4260 illum,
1186 4182 1281 4268 quusi
1304 4183 1350 4248 sie
1377 4183 1507 4249 dederit
1530 4209 1600 4251 euru
1625 4187 1720 4265 Filio,

668 4285 756 4370 quod
784 4306 850 4348 non
872 4283 1051 4349 retinuerit
1073 4284 1180 4369 ipsum
1203 4284 1275 4361 sibi,
1300 4284 1448 4371 alioquin
1474 4287 1623 4353 desiisset
1652 4311 1722 4354 esse

668 4387 863 4451 substantio.
910 4385 1015 4450 Filius
1046 4407 1126 4450 vero
1156 4385 1377 4452 substantium
1412 4387 1522 4453 Patris
1555 4390 1720 4476 integrent

668 4488 832 4553 uusoendo
854 4488 990 4574 occepit,
1005 4493 1039 4552 et
1060 4487 1109 4552 its
1132 4486 1232 4552 Pater
1255 4493 1290 4553 et
1313 4488 1418 4553 Filius
1441 4491 1578 4556 eundem
1597 4492 1722 4558 hubent

670 4589 902 4668 substantiam,
937 4595 971 4655 et
1001 4589 1117 4655 eodem
1149 4611 1200 4654 res
1231 4595 1283 4655 est
1321 4590 1421 4656 Pater
1452 4598 1488 4658 et
1518 4593 1630 4672 Filius,
1661 4617 1722 4660 neo

671 4715 736 4757 non
765 4698 799 4758 et
828 4692 974 4780 Spiritus
1004 4691 1155 4772 Sanctus,
1186 4692 1229 4756 ab
1260 4697 1403 4779 utroque
1425 4695 1603 4780 procedens
1625 4701 1660 4761 et
1686 4699 1721 4763 in

1171 4840 1250 4847 ...μ
1286 4842 1290 4847 .
1320 4842 1384 4847 ---

705 4921 711 4950 ¹
726 4920 772 4968 See
784 4919 908 4980 Heronio,
921 4925 981 4969 tom.
993 4917 1037 4969 vii.
1050 4917 1097 4968 ool.
1115 4923 1152 4969 ls.
1254 4919 1395 4984 ‘qunilur]
1415 4920 1556 4985 giugnitur‚
1570 4921 1626 4971 MS.

705 5000 715 5028 ²
727 4996 874 5063 ineffabilis]
894 4997 1012 5059 effabilis,
1023 4997 1080 5046 MS.
1253 5000 1263 5027 ³
1274 4998 1334 5047 doh.
1348 5014 1373 5047 1.
1387 5004 1427 5048 29.

705 5080 714 5107 ¹
725 5073 861 5141 riptdutin]
882 5076 1038 5142 singillatim,
1048 5075 1105 5126 MS.
