4442 6392
707 1214 753 1264 DE
777 1215 937 1264 Tunpoun
960 1214 1062 1264 REGIS
1084 1215 1260 1264 wnnnnsss
1285 1216 1393 1265 PRIMI.
1542 1177 1584 1269 l7

526 1385 568 1449 ad
590 1385 747 1472 Anglium
762 1387 931 1451 remeavit.
977 1386 1052 1451 Hoc
1066 1388 1168 1451 etiam
1183 1409 1270 1452 nuno
1285 1388 1438 1468 Eilricus,
1455 1387 1580 1454 Dunel·
1593 1395 1663 1448 ml).
1677 1400 1750 1449 1072.

527 1489 645 1553 mensis
675 1488 853 1575 episcopus,
875 1488 965 1576 apud
987 1488 1318 1556 westmonasterium
1343 1491 1405 1557 sub
1428 1486 1722 1603 custodiaDffitlfriof

507 1590 620 1675 ·regis,
650 1592 716 1676 qui,
741 1590 907 1656 arridente
930 1591 994 1656 sibi
1016 1590 1160 1669 fortuna,
1184 1593 1220 1656 in
1250 1593 1482 1680 arrogantiam,
1506 1594 1577 1657 Deo
1592 1620 1617 1669 b·
1650 1571 1723 1686 092}

505 1692 571 1756 ,sio
598 1691 832 1779 permittente,¹
858 1693 1054 1779 erigebatur,
1086 1692 1242 1760 detentus
1272 1695 1366 1776 obiit,
1396 1701 1431 1761 et
1454 1694 1577 1760 ibidem
1592 1686 1715 1739 Durum.

524 1796 560 1859 iu
581 1796 712 1880 porticu
734 1795 841 1861 sancti
865 1795 1017 1862 Nicholai
1039 1796 1188 1884 sepultus
1210 1803 1269 1864 est.

526 2114 574 2181 De
596 2114 816 2182 oentihitione
843 2136 952 2182 consu
977 2114 1070 2182 inter
1094 2117 1383 2184 Onotucricnwcm
1408 2103 1594 2185 andnim

902 2225 932 2283 et
953 2217 1201 2286 Eborncensem.

351 2400 514 2485 nqgwenl.
570 2390 694 2456 Eodem
709 2412 837 2476 quoque
853 2412 942 2455 auno
962 2390 1052 2478 apud
1066 2389 1339 2469 windeleshores,
1356 2413 1399 2456 ex
1413 2398 1578 2479 praecepto
1589 2411 1698 2479 Dispute

387 2486 417 2522 'l
433 2476 470 2522 ¹²
527 2492 710 2558 Alexandri
732 2515 835 2580 papae,
851 2513 929 2579 rege
950 2494 1051 2557 etiam
1067 2492 1235 2558 Willelmo
1250 2499 1426 2575 annuente,
1442 2495 1479 2559 in
1494 2517 1578 2582 prae·
1590 2482 1703 2598 ssffi}
1710 2485 1750 2597 of·

526 2596 632 2660 sentia
659 2594 814 2674 Huberti,
842 2595 1000 2660 Romanae
1031 2595 1173 2661 ecclesiae
1205 2595 1316 2682 legati,
1340 2596 1504 2662 ventilata
1526 2603 1749 2680 estcnnterbury

526 2717 623 2762 causa
644 2698 685 2762 de
699 2698 846 2784 primatu
862 2697 1003 2763 eoclesiae
1019 2696 1268 2763 cantuariensis
1290 2719 1388 2785 super
1408 2699 1576 2764 ecclesiam
1588 2680 1722 2798 {¹ssde

527 2798 787 2865 Eboracensem.²
833 2799 903 2864 Ubi
925 2799 1061 2865 tandem
1085 2800 1298 2884 antiquarum
1321 2800 1713 2878 auctoritatibusprimaey.

527 2902 763 2988 scripturarum
786 2901 963 2987 probatum
993 2908 1044 2967 est
1073 2908 1108 2968 et
1130 2907 1307 2982 ostensum,
1339 2903 1427 2988 quod
1452 2903 1577 2969 Ebora-

527 3007 631 3069 censis
656 3002 839 3090 [ecclesia]³
861 3003 979 3069 debeat
994 3003 1163 3088 subjacere
1178 3004 1321 3070 ecclesiae
1336 3004 1577 3083 cantuariensi,

527 3114 561 3170 et
590 3107 693 3192 ipsius
722 3105 964 3193 archiepiscopi,
997 3110 1036 3171 ut
1067 3106 1220 3195 primatis
1250 3106 1355 3171 totius
1386 3106 1578 3189 Britannias,

526 3209 805 3295 dispositionibus,
828 3209 864 3273 in
888 3208 1040 3273 omuibus
1072 3231 1147 3294 quae
1178 3209 1219 3275 ad
1251 3208 1474 3274 Christianam
1506 3233 1578 3297 per-

527 3313 636 3377 tinent
651 3312 842 3398 religionem
857 3311 1001 3376 fideliter
1016 3311 1169 3392 obedire;
1192 3312 1242 3377 ita
1256 3311 1353 3397 quod,
1370 3313 1398 3377 si
1421 3313 1580 3400 archiepi-

509 3436 640 3501 scopus
668 3401 918 3480 Cantuariensis
941 3414 1113 3479 concilium
1136 3414 1277 3480 celebret
1299 3415 1499 3501 ubicumque
1515 3416 1579 3482 sibi

527 3518 648 3582 viderit
670 3517 833 3604 expedire,
857 3516 1081 3597 Eboraoensis,
1098 3539 1173 3583 oum
1196 3517 1350 3583 omnibus
1372 3519 1440 3583 suis
1462 3518 1578 3584 suffra-

526 3621 639 3705 ganeis
672 3625 707 3686 et
741 3620 805 3686 sibi
836 3618 991 3706 subjectis
1020 3618 1154 3701 clericis,
1188 3620 1323 3686 intersit
1354 3621 1577 3707 personaliter,

526 3723 660 3808 ejusque
699 3722 833 3788 obediat
870 3720 1103 3787 sanctionibus.
1170 3722 1439 3789 Benedictionem
1477 3723 1579 3788 etiam

526 3825 740 3911 episcopalem
764 3825 806 3889 ab
828 3824 900 3910 ipso
922 3823 1068 3910 recipiat,
1091 3829 1127 3888 et
1152 3823 1260 3889 eidem
1286 3825 1475 3890 canonicam
1504 3845 1579 3911 pro·

526 3927 698 3993 sessionem
728 3927 843 3992 addito
865 3927 967 3992 faciat
991 3926 1191 4012 juramento.
1248 3926 1337 3991 Huic
1362 3932 1475 3993 autem
1504 3949 1578 4014 pro·

526 4030 647 4096 visioni
701 4035 936 4096 consenserunt
990 4028 1194 4093 unanimiter
1247 4050 1307 4093 rex
1358 4028 1578 4114 W[illelmus],

528 4134 738 4199 Lamfranous
769 4131 1026 4209 cantuariensis,
1058 4131 1200 4196 Thomas
1226 4129 1441 4196 Ebormieusis
1475 4131 1579 4196 archi·

528 4237 706 4323 episcopus,
729 4235 858 4321 legatus
881 4237 1082 4300 memoratus
1105 4232 1291 4309 cardinalis,
1318 4255 1393 4298 oum
1424 4232 1578 4298 omnibus

509 4340 620 4426 ¹regni
644 4338 802 4425 episcopis
826 4343 861 4402 et
883 4336 1068 4401 abbatibus.
1113 4335 1199 4400 Inde
1221 4343 1333 4399 autem
1356 4335 1505 4400 conlecta
1528 4342 1579 4402 est

528 4450 618 4508 carta
656 4441 853 4528 sollempnis,
882 4461 982 4527 quam
1014 4439 1073 4525 qui
1099 4438 1211 4504 videre
1244 4437 1417 4514 desiderat,
1455 4437 1579 4504 librum

528 4544 569 4610 de
592 4544 742 4610 Historia
764 4543 940 4609 Britonum
964 4541 1148 4607 confectum
1175 4541 1264 4606 inter
1285 4539 1375 4605 illius
1400 4541 1482 4606 anni
1504 4547 1580 4608 octa

509 4697 515 4711 .
528 4647 720 4712 intueatur.⁴

770 4819 863 4826 ..ψ-...-
880 4820 886 4824 .
901 4819 927 4824 -.
949 4819 959 4823 η
975 4817 1058 4825 ..κ-,ο
1078 4817 1087 4824 n
1111 4815 1246 4822 .-.ς-...φ-

564 4927 744 4994 ’ρσπιὲαεηῑε]
758 4927 789 4976 In
800 4926 904 4974 thetext
911 4923 1032 4989 permitte,
1053 4928 1056 4962 ;
1110 4917 1247 4984 ἐσοὶαία]
1267 4917 1391 4983 Supplied
1408 4919 1473 4970 stom
1491 4921 1532 4971 W.
1544 4922 1580 4973 A.

529 5010 573 5058 bnt
582 5024 645 5058 corr.
658 5008 685 5057 in
696 5021 776 5070 marg.
1054 4986 1056 4999 ³
1078 4999 1107 5050 C.
1119 4999 1153 5049 D.
1165 4998 1195 5048 R
1207 4998 1238 5048 F.

564 5085 774 5149 ²Ebnrurcnsem]
799 5084 879 5153 Ebot.
899 5081 965 5141 MS,
983 5082 1033 5130 aud
1055 5084 1057 5128 :
1111 5077 1194 5129 ⁴Indc
1210 5084 1289 5127 oulen
1300 5116 1307 5130 .
1320 5117 1327 5129 .
1339 5116 1346 5129 .
1358 5079 1498 5145 famur]
1517 5081 1580 5131 This

526 5181 555 5214 so
571 5165 713 5216 elsewhere.
1057 5218 1059 5224 ,
1079 5172 1185 5223 passage
1202 5156 1225 5206 is
1241 5157 1296 5206 also
1307 5159 1335 5208 iu
1346 5158 1381 5209 Δ.
1392 5174 1477 5224 musy„
1488 5159 1517 5209 Ο.
1530 5160 1563 5209 Ι).

1427 5267 1449 5314 Β
