4442 6392
619 1198 665 1245 mr
686 1193 845 1248 rnnronn
868 1194 971 1247 neore
986 1193 1159 1248 wrmmm
1182 1190 1426 1263 oecononum.
1443 1194 1536 1247 nuri.
1571 1187 1613 1248 63

568 1475 619 1540 De
649 1473 799 1540 martra
831 1473 1048 1541 lamentabili
1080 1474 1180 1540 earm.
1208 1473 1357 1540 milium
1390 1474 1607 1560 1111111911-

1025 1584 1147 1644 torum.

390 1738 550 1818 Rogwend.
607 1730 690 1795 Erat
723 1736 835 1796 autem
866 1731 956 1796 locus
989 1737 1187 1797 memoratus
1213 1730 1249 1796 in
1272 1731 1415 1797 confinio
1438 1732 1783 1797 TureorumA.D.1oec.

428 1821 455 1856 ¹¹·
468 1813 507 1859 ⁶⁸·
560 1835 697 1921 positus,
711 1855 821 1898 rerum
845 1833 993 1899 omnium
1016 1838 1050 1898 et
1072 1834 1235 1920 praecipue
1258 1834 1456 1900 victualium
1479 1833 1614 1923 opulen-

559 1943 622 2003 tus.
682 1935 831 2022 Cumque
862 1934 986 2001 ibidem
1018 1937 1112 2022 quasi
1147 1928 1276 2001 duobus
1307 1934 1476 2002 mensibus
1503 1953 1717 2004 conse-March

559 2037 660 2104 disset
692 2039 865 2118 exercitus,
889 2044 1059 2125 coeperunt
1082 2037 1194 2104 Latini
1226 2033 1269 2104 ad
1292 2063 1324 2104 x.
1349 2037 1442 2104 milia
1465 2035 1613 2105 virorum
1624 2023 1734 2138 {iffi

558 2141 724 2228 regionem
763 2141 967 2227 perlustrare,
1000 2163 1116 2228 greges
1154 2145 1188 2206 et
1225 2149 1377 2207 armenta
1414 2142 1613 2220 contrahere,
1690 2126 1696 2138 ⁸

559 2249 660 2330 atque
683 2256 795 2309 versus
830 2243 987 2320 Nicaeam,
1020 2238 1135 2308 urbem
1169 2243 1416 2324 nobilissimam,
1452 2244 1615 2310 ordinatis

559 2347 747 2433 agminibus
781 2344 927 2433 profecti,
962 2368 1036 2410 cum
1067 2343 1180 2432 praeda
1206 2347 1352 2411 maxima
1384 2348 1456 2412 sine
1479 2371 1615 2412 suorum

559 2446 730 2536 dispendio
768 2455 847 2514 sunt
885 2448 1015 2515 reversi.
1077 2447 1179 2514 Porro
1218 2444 1422 2527 Theutoniei,
1462 2451 1614 2516 videntes
1626 2466 1682 2517 The
1695 2466 1758 2517 Ger-

561 2552 649 2637 quod
680 2548 716 2616 in
743 2549 800 2616 illo
831 2552 965 2639 negotio
995 2551 1124 2616 Latinis
1162 2573 1315 2638 prospere
1348 2553 1527 2631 accidisset,
1602 2595 1615 2604 -
1625 2608 1727 2664 capmre
1737 2617 1753 2650 a

557 2652 709 2740 jecerunt
733 2658 766 2719 et
788 2653 852 2740 ipsi
881 2650 986 2719 simile
1018 2650 1145 2739 aliquid
1179 2659 1385 2741 attemptare.
1440 2654 1542 2722 Unde
1572 2656 1784 2746 aduyninthe

393 2764 552 2844 Ropwenu
562 2779 593 2822 n
609 2754 703 2822 milia
724 2756 876 2843 peditum
891 2778 965 2821 cum
988 2756 1157 2842 equitibus
1173 2757 1323 2822 ducentis
1338 2779 1452 2822 versus
1466 2758 1615 2825 Nicaeam
1626 2735 1779 2851 papinum-

430 2847 457 2882 ¹L
470 2838 509 2884 ⁶⁹·
563 2860 744 2938 tendentes
760 2860 803 2925 ad
819 2856 996 2947 oppidum¹
1015 2858 1181 2946 quoddam
1196 2859 1281 2925 iiii0‘.
1297 2858 1447 2925 miliariis
1466 2884 1486 2925 a
1502 2861 1618 2929 Nicaea
1695 2839 1701 2851 ⁸

562 2962 689 3029 distans
712 2966 941 3049 pervenerunt.
988 2960 1040 3040 Et,
1064 2962 1152 3027 fecto
1174 2962 1302 3048 impetu
1320 2962 1617 3044 vehementissimo,

561 3061 843 3153 repugnantibus²
855 3064 975 3131 acriter
986 3063 1177 3153 oppidanis³
1190 3063 1246 3129 sed
1258 3064 1343 3128 nihil
1358 3063 1628 3152 proficientibus,

560 3164 622 3254 ipsi
645 3164 840 3234 Theutonici
858 3166 1030 3254 'oppidum
1058 3171 1221 3253 occupant
1243 3166 1415 3233 violenter.
1461 3162 1616 3249 Tandem,

561 3266 828 3335 habitatoribus⁴
844 3267 997 3334 omnibus
1019 3269 1236 3356 interemptis
1252 3274 1286 3335 et
1304 3266 1470 3336 manubiis
1491 3273 1618 3337 cunctis

563 3371 737 3459 occupatio,
761 3377 905 3437 castrum
936 3371 1102 3449 muniunt,
1126 3375 1161 3437 et
1183 3370 1246 3437 looi
1269 3373 1440 3458 opulentia
1462 3374 1560 3439 simul
1584 3379 1617 3440 et

563 3475 755 3540 amoenitate
790 3472 954 3554 delectati,
987 3496 1090 3561 usque
1128 3475 1172 3538 ad
1209 3475 1394 3562 principum
1432 3468 1616 3543 adventum

563 3577 686 3643 ibidem
713 3600 916 3643 commanere
942 3583 1139 3664 proponunt.
1187 3577 1398 3643 Solimannus
1422 3585 1542 3659 autern,
1566 3601 1752 3668 re-'rheyam

543 3723 551 3740 .
562 3681 669 3767 gionis
702 3681 791 3744 illius
825 3681 986 3758 dominus,
1017 3681 1071 3744 vir
1102 3680 1236 3765 quidem
1266 3688 1461 3768 praepotens,
1485 3690 1616 3749 astutus
1626 3673 1783 3791 fflffibl

563 3787 597 3848 et
620 3783 800 3864 bellicosus,
826 3783 883 3847 sed
906 3782 1103 3860 incredulus,
1126 3784 1264 3848 audiens
1287 3785 1376 3869 quod
1400 3786 1617 3852 Theutonico·
1742 3777 1748 3789 ⁰

562 3908 636 3950 rum
667 3908 748 3974 gens
771 3886 929 3972 oppidum
960 3906 1055 3950 suurn
1079 3890 1308 3972 expugnasset,
1332 3892 1366 3952 et
1389 3895 1617 3976 expugnatum

561 3995 795 4075 presumerent
818 3989 975 4069 detinere,
991 4010 1065 4053 cum
1081 3988 1171 4054 omni
1194 3989 1407 4055 festinatione
1429 3991 1507 4056 illuc
1529 4013 1617 4057 ecce-

561 4090 655 4173 lerat,
678 4114 788 4158 secum
819 4092 954 4157 trahens
984 4091 1257 4158 innumerabilem
1289 4093 1469 4158 'lurcorum
1503 4094 1617 4159 multi-

562 4195 721 4261 tudinem.
783 4194 828 4260 Et
864 4200 1006 4260 castrum
1037 4195 1200 4276 obsidens,
1237 4194 1401 4262 violenter
1437 4203 1615 4284 expugnet,

562 4298 715 4364 omnibus
745 4319 827 4384 quos
856 4298 948 4363 intus
978 4299 1101 4385 reperit
1131 4297 1242 4384 gladio
1274 4299 1456 4365 trucidatis.
1514 4300 1617 4366 Venit

561 4401 689 4467 interca
718 4423 829 4466 rumor
859 4402 895 4465 in
922 4401 1037 4466 cestrie
1059 4400 1346 4481 Theutonicorum,
1371 4402 1518 4469 eoho1tes
1540 4425 1616 4468 suos

560 4503 597 4569 in
626 4504 780 4569 manibus
810 4504 996 4569 Solimanni
1025 4503 1202 4584 incidisse3
1240 4505 1329 4569 unde
1359 4505 1500 4571 veritate
1530 4527 1617 4570 corn-

561 4612 663 4692 perta‚
697 4604 937 4671 reluctantibus
971 4605 1152 4691 majoribus
1187 4607 1227 4670 dc
1261 4606 1418 4684 exercitu,
1447 4608 1491 4672 ed
1524 4626 1617 4673 arma

560 4708 736 4794 prosiliunt
765 4708 921 4788 universi,
945 4712 980 4773 et
1008 4706 1160 4794 pedites⁵
1182 4708 1285 4773 xxxw.
1310 4712 1345 4773 et
1366 4732 1397 4773 v.
1420 4710 1520 4789 milia,
1541 4733 1615 4777 cum

564 4849 766 4858 hm*-
784 4853 898 4858 -.......-
917 4852 984 4857 .-..

595 4927 742 4994 ¹oppiclum]
762 4927 872 4992 opidum,
889 4926 956 4988 MS,
968 4928 1019 4977 and
1035 4942 1063 4978 eo
1142 4926 1307 4994 'oppidanid
1327 4928 1450 4993 opidanis,
1457 4929 1514 4981 MS.

561 5004 703 5059 elsewhere.
1142 5004 1356 5075 matinanta]
1375 5006 1540 5072 habitoribus,
1548 5011 1605 5063 MS.

593 5091 603 5119 ²
614 5085 818 5155 repupnanlr'bur]
839 5086 1061 5153 repungnantibus
1140 5087 1150 5115 ³
1157 5086 1267 5154 pedites]
1287 5087 1323 5139 So
1334 5090 1388 5139 also
1398 5089 1424 5139 in
1435 5090 1478 5143 W.
1488 5091 1523 5142 A.
1535 5091 1564 5141 C.
1577 5092 1610 5142 D.

561 5160 618 5219 MS.
1104 5165 1134 5217 F.
1161 5166 1193 5218 In
1204 5167 1267 5219 Fur.
1280 5170 1377 5220 ended.
1390 5169 1481 5222 Wend.
1489 5169 1605 5236 peditum.
