4442 6392
629 1149 694 1213 160
761 1163 926 1212 tramam
949 1164 1164 1216 ramsmnsrs
1186 1166 1349 1216 maroam
1371 1165 1572 1216 maeoseu.

459 1336 527 1389 al).
541 1342 613 1391 10⁹⁹·
625 1335 760 1401 modum
784 1336 935 1403 Christus
965 1345 1160 1404 nasoeretur.
1206 1339 1289 1404 Erat
1311 1338 1445 1425 quidem
1467 1360 1506 1404 eo
1529 1344 1675 1425 tempore

623 1437 689 1503 alia
713 1440 839 1520 civitas,
863 1440 1043 1507 seeundum
1068 1442 1281 1521 Ieronimum,
1304 1442 1415 1508 Salem
1441 1442 1615 1530 appellata,
1638 1443 1676 1506 in

624 1562 690 1627 qua
710 1541 799 1607 idem
815 1543 1052 1610 Melchisedech
1075 1545 1162 1610 sicut
1183 1552 1217 1611 et
1239 1544 1343 1610 alias¹
1368 1545 1530 1632 regnavit.
1578 1543 1674 1624 Quod

625 1649 660 1710 et
679 1665 795 1710 verum
829 1647 1082 1732 comprobatur3
1117 1647 1187 1732 ejus
1210 1647 1307 1712 enim*
1321 1647 1427 1713 ruinae
1450 1668 1554 1732 usque
1576 1646 1693 1712 hodie·

619 1746 721 1831 juxta
752 1748 879 1814 fluenta
909 1749 1067 1814 Jordanis
1098 1750 1338 1817 disoernuntur.
1393 1750 1566 1836 Deinceps,
1598 1772 1673 1836 reg-

622 1857 724 1916 nante
757 1853 794 1916 in
827 1874 866 1917 ea
903 1852 1067 1934 Jebusaeo,
1106 1852 1197 1918 dicta
1234 1857 1285 1918 est
1322 1853 1435 1930 Jebus,
1475 1858 1510 1918 et
1547 1854 1593 1918 sio
1631 1875 1672 1917 ex

622 1952 727 2018 Jebus
749 1961 784 2019 et
807 1954 916 2020 Salem
938 1955 1028 2021 diota
1050 1960 1102 2021 est
1124 1955 1338 2036 Jebusalem3
1367 1955 1456 2020 unde
1480 1954 1558 2021 inde
1588 1961 1673 2042 post,

621 2055 757 2142 dempta
779 2057 808 2121 B
831 2063 865 2122 et
890 2057 1005 2123 addita
1035 2059 1074 2135 R,
1108 2057 1198 2123 dieta
1231 2065 1282 2124 est
1316 2058 1508 2124 Jerusalem.
1555 2059 1675 2123 Postea

621 2164 742 2241 autem,
766 2159 903 2246 expulso
919 2161 941 2225 J
944 2161 1025 2226 ebus
1047 2183 1068 2226 a
1086 2160 1207 2239 David,
1223 2161 1312 2226 diota
1335 2166 1386 2227 est
1409 2161 1538 2227 Civitas
1553 2161 1673 2227 David.

489 2266 492 2270 ’
621 2260 751 2326 Deinde
773 2284 861 2340 vero,
882 2268 1043 2350 regnante
1076 2263 1260 2341 Salomone,
1287 2263 1357 2328 filio
1380 2263 1461 2349 ejus
1485 2271 1602 2329 vocata
1623 2269 1674 2328 est

621 2362 839 2444 Jerosolima,²
862 2366 956 2451 quasi
978 2364 1163 2431 Jerusalem
1187 2364 1382 2431 Salomonis.
1428 2364 1528 2430 Hane
1559 2371 1674 2451 postea

621 2465 729 2530 xlaiio.
745 2488 833 2531 anno
855 2471 930 2554 post
952 2468 1137 2554 passionem
1155 2467 1301 2548 Domini,
1324 2466 1517 2534 Judaeorum
1541 2468 1675 2553 exigen-

620 2566 710 2633 tibus
747 2571 898 2655 peoeatis,
936 2569 1040 2647 Titus,
1078 2569 1272 2655 Vespasiani
1313 2570 1410 2650 filius,
1449 2570 1672 2635 Romanorum

619 2671 769 2757 princeps
800 2672 1002 2760 magnificus,
1035 2672 1165 2738 obsedit
1197 2678 1231 2738 et
1263 2672 1512 2761 expugnatam⁸
1544 2672 1672 2760 dejecit,

620 2773 671 2838 ita
701 2779 749 2854 ut,
778 2773 880 2860 juxta
911 2775 1051 2840 verbum
1072 2774 1219 2854 Domini,
1250 2796 1319 2840 non
1352 2781 1536 2841 remaneret
1568 2776 1604 2840 in
1634 2797 1673 2840 ea

620 2874 704 2962 lapis
730 2898 828 2963 super
857 2877 1010 2963 lapidem.
1055 2877 1153 2942 Illam
1176 2900 1256 2943 vero
1287 2885 1402 2964 postea
1423 2878 1531 2944 AElius
1553 2879 1671 2944 Adria·

620 3000 691 3057 nus,
715 2985 852 3065 quartus
884 2979 926 3044 ab
948 2980 1021 3067 ipso
1044 2979 1270 3046 Romanorum
1292 2982 1474 3068 Augustus
1496 2982 1672 3068 reparavit,

621 3087 656 3146 et
678 3081 719 3146 de
740 3104 800 3147 suo
833 3084 967 3148 nomine
989 3083 1100 3148 Eliam
1132 3084 1345 3170 nuncupavit.
1401 3085 1447 3148 Et
1478 3107 1553 3151 cum
1582 3084 1672 3172 prius

620 3185 657 3248 in
680 3185 764 3251 olivo
786 3186 948 3273 praecipiti
970 3186 1092 3251 montis
1114 3192 1201 3252 esset
1232 3190 1306 3264 sita,
1329 3186 1380 3251 ita
1412 3194 1452 3251 ut
1483 3188 1604 3274 partim
1635 3187 1672 3252 in

621 3287 780 3353 orientem
813 3295 847 3354 et
879 3289 915 3352 in
953 3295 1102 3354 austrum
1140 3293 1215 3354 tota
1251 3288 1379 3355 devexa
1416 3288 1605 3376 despioeret,
1635 3289 1672 3353 in

620 3390 722 3456 latere
745 3398 815 3455 tam
845 3390 967 3457 montis
994 3391 1086 3477 Syon
1118 3413 1219 3478 quam
1252 3391 1367 3457 Mariae
1401 3391 1523 3456 montis
1553 3392 1672 3456 oonsti-

620 3500 703 3575 tuta,
727 3500 762 3561 et
783 3495 890 3560 solum
911 3496 1073 3582 templum
1104 3500 1140 3560 et
1166 3495 1345 3572 castellum,
1367 3494 1420 3558 oui
1449 3516 1568 3559 nomen
1599 3500 1671 3560 erat

620 3597 778 3676 Antonia,
800 3598 837 3663 in
859 3598 912 3664 sui
934 3598 1071 3664 haberet
1093 3597 1233 3684 fastigio,
1257 3597 1299 3662 ab
1330 3595 1445 3662 eodem
1473 3597 1670 3682 imperatore
1683 3610 1840 3690 Ropwend

552 3734 555 3745 ·
620 3701 657 3765 in
686 3700 809 3765 montis
837 3701 996 3767 verticem
1029 3706 1103 3767 tota
1136 3700 1301 3765 translata
1331 3705 1390 3775 est,
1412 3699 1463 3763 ita
1494 3704 1535 3764 ut
1557 3699 1670 3764 Domi·
1716 3679 1744 3729 ¹¹·
1759 3683 1813 3728 ¹⁵⁴·

620 3802 704 3869 nieae
725 3803 886 3890 passionis
909 3809 943 3868 et
964 3802 1212 3869 resurrectionis
1233 3801 1333 3879 locus,
1354 3801 1412 3888 qui
1435 3808 1531 3867 extra
1555 3803 1671 3867 urbem

620 3905 735 3984 fuerat,
761 3906 841 3972 urbe
863 3906 1072 3989 reaedificata,
1095 3905 1182 3972 infra
1204 3927 1375 3972 murorum
1397 3905 1561 3971 ambitum
1583 3904 1691 3992 clau-1

622 4010 763 4077 deretur.

680 4219 730 4286 De
753 4219 834 4286 loeis
855 4218 1105 4286 venerabilibva
1127 4218 1227 4306 infra
1248 4226 1406 4286 eoactum
1428 4219 1607 4287 deitatem.

455 4384 620 4455 ostheholy‘
666 4375 748 4441 Haeo
769 4380 882 4440 autem
911 4379 1027 4440 sancta
1055 4379 1090 4440 et
1112 4374 1185 4440 Deo
1211 4374 1333 4441 dilecta
1365 4397 1403 4440 ae
1436 4375 1525 4440 inter
1556 4395 1669 4440 omnes
1681 4378 1841 4446 Roawffld

453 4453 601 4573 iviiiiiiJ,⁴
621 4478 737 4544 mundi
775 4477 947 4565 praeeleota
984 4477 1109 4556 civitas,
1145 4484 1179 4544 et
1215 4478 1325 4544 minor
1362 4478 1517 4543 maximis
1551 4484 1601 4544 est
1634 4484 1669 4543 et
1714 4448 1740 4497 fi·
1756 4452 1812 4498 ¹⁵⁴·

453 4586 569 4638 ruralem.
620 4582 839 4648 mediocribus
871 4580 997 4667 maj0r3
1027 4581 1134 4646 forma
1164 4580 1299 4666 quidem
1330 4580 1480 4669 oblonga,
1513 4586 1547 4647 et
1577 4588 1670 4669 parte

620 4685 725 4752 altera
754 4684 903 4772 longiore
933 4688 1116 4772 tetragona,
1140 4683 1284 4750 vallibus
1313 4684 1484 4771 profundis
1506 4684 1542 4748 in
1565 4684 1671 4749 tribus

652 4957 750 5024 ι1111111]
769 4957 880 5008 Written
897 4965 923 5009 at
935 4957 991 5007 first
1000 4955 1060 5019 ulia,
1072 4957 1123 5007 and
1168 4957 1257 5017 added,
1280 4955 1318 5006 vel
1338 4956 1528 5024 Jeru[aolimo],
1547 4958 1633 5009 which
1648 4959 1672 5009 is

620 5037 701 5089 soW.
716 5038 750 5089 A.
762 5037 791 5089 C.
800 5037 833 5088 D.
1169 5036 1285 5088 followed
1296 5037 1332 5103 by
1342 5037 1373 5088 F.

652 5115 833 5183 ²Jeroaulr'ora]
862 5118 893 5166 In
916 5117 958 5167 the
980 5114 1080 5180 margin
1100 5115 1122 5165 is
1202 5116 1399 5184 'expupnatum
1409 5124 1608 5183 expungnatam,
1614 5115 1671 5170 MS.
