4442 6392
643 1185 707 1248 140
767 1199 932 1257 MA'ITEAEI
956 1198 1170 1248 Paulslmssrs
1193 1198 1358 1251 HISTORIA
1380 1198 1581 1250 suetonum.

473 1381 627 1435 aurora.
640 1368 745 1434 scalas
766 1373 826 1433 aut
859 1367 1028 1431 machinas
1058 1366 1260 1446 habuissent,
1291 1368 1527 1454 proculdubio
1550 1369 1603 1436 die
1633 1371 1693 1435 illa

640 1469 813 1559 negotium
842 1474 1136 1536 consummassent..
1177 1469 1336 1536 Videntes
1366 1473 1507 1551 tandein,
1532 1493 1606 1537 curn
1636 1495 1694 1559 per

641 1573 696 1639 vii.
734 1574 801 1640 diei
831 1573 928 1638 horas
950 1573 986 1637 in
1016 1573 1088 1660 ipso
1117 1573 1233 1638 ardore
1263 1574 1492 1660 perstitissent,
1523 1575 1580 1641 et¹
1605 1577 1693 1661 quod

640 1677 763 1764 absque
785 1676 947 1741 machinis
976 1696 1045 1740 non
1067 1677 1211 1740 multum
1234 1676 1389 1763 proficere
1410 1678 1605 1764 potuissent,
1628 1679 1693 1744 dis-

640 1781 790 1847 tulerrmt
812 1802 896 1866 opus
910 1780 952 1845 ad
976 1783 1115 1865 tempus,
1131 1785 1165 1844 et
1186 1801 1260 1844 cum
1284 1781 1444 1846 immenso
1466 1781 1577 1846 labore
1600 1782 1693 1868 ligna

584 1916 594 1929 ·
640 1884 683 1948 ad
712 1883 774 1948 hoc
808 1883 929 1948 idonea
957 1888 993 1947 et
1025 1881 1168 1946 artifices
1197 1881 1405 1948 invenerunt.
1458 1882 1588 1962 Quibus
1617 1906 1691 1949 cum

640 1990 776 2074 sumptu
797 1984 992 2071 gravissimo
1014 1985 1057 2049 ad
1080 1984 1196 2049 urbem
1222 1983 1350 2061 delatis,
1381 2006 1424 2050 ex
1445 1985 1593 2071 subjecta
1622 2010 1691 2051 ma-

603 2127 609 2140 ·
640 2089 725 2155 teria
756 2088 898 2164 castella,
932 2087 1101 2173 petrarias,
1142 2086 1351 2152 trebunculos
1385 2093 1420 2153 et
1452 2089 1581 2169 arietes,
1618 2112 1692 2154 curn

640 2191 750 2256 scrofis
787 2190 832 2254 od
863 2210 995 2254 murum
1024 2188 1280 2269 suffodiendum,
1310 2196 1574 2257 construxerunt.
1628 2192 1693 2258 Pro

640 2292 766 2358 nihil02
797 2292 886 2358 enim
908 2291 1110 2377 reputabant
1140 2290 1297 2378 quicquid
1319 2297 1420 2357 antea
1441 2300 1552 2358 actum
1574 2294 1691 2374 fuerat,

640 2395 668 2460 si
690 2396 727 2460 in
749 2395 811 2461 boc
832 2393 975 2481 negotio,
989 2416 1049 2481 pro
1064 2415 1129 2481 quo
1144 2400 1214 2460 tam
1229 2395 1425 2460 laboriosam
1448 2403 1692 2483 assumpserant

640 2498 946 2585 peregrinationem,
970 2496 1107 2562 deficere
1123 2503 1325 2584 cogerentur.
1371 2497 1454 2563 Cum
1478 2499 1582 2585 igitur
1606 2500 1692 2565 circa

639 2604 807 2669 machinas
836 2600 1079 2678 construendas,
1109 2605 1216 2666 crates
1245 2606 1280 2666 et
1309 2600 1412 2666 scalas
1443 2602 1690 2681 connectendas,

638 2712 730 2773 tttus
760 2710 873 2771 noster
905 2703 1080 2769 desudaret
1111 2704 1285 2782 exercitus,
1315 2703 1522 2790 protrahitur
1552 2704 1690 2771 obsidio.

472 2815 606 2895 Notqpes·
639 2810 685 2875 Et
707 2832 782 2875 cum
796 2808 886 2874 locus
901 2805 1033 2871 civitati
1055 2805 1207 2887 adjacens
1222 2807 1335 2871 aridus
1348 2812 1434 2872 esset
1456 2811 1490 2872 et
1505 2807 1690 2894 inaquosus,
1804 2868 1806 2873 .

473 2889 592 3000 ‘c‘w'
638 2912 735 2992 rivos,
751 2910 858 2977 fontes
880 2914 941 2974 aut
963 2906 1103 2995 puteos³
1133 2931 1201 2974 non
1230 2909 1357 2974 babens
1386 2910 1451 2974 nisi
1473 2917 1625 2990 remotos,
1647 2911 1690 2976 ab

471 3025 567 3094 ‘²3¹9'st
638 3016 720 3082 urbe
749 3036 779 3078 v.
811 3013 866 3078 vel
898 3012 942 3077 vi.
976 3011 1159 3076 miliaribus
1193 3012 1366 3089 distantes,
1399 3012 1457 3077 siti
1489 3013 1690 3079 intolerabili

471 3090 545 3133 setta.
589 3122 593 3129 '
641 3116 834 3205 [populus]⁴
856 3115 1024 3201 fatigatur.
1069 3113 1167 3179 Turci
1192 3115 1280 3180 enim
1307 3115 1571 3181 Christianorum
1595 3118 1861 3187 audi-RQWM

473 3221 625 3290 Scarcityof
639 3225 732 3286 entes
758 3219 951 3296 adventum,
980 3215 1009 3281 si
1031 3238 1106 3301 quae
1131 3216 1267 3282 fuerunt
1298 3239 1401 3303 aquas,
1420 3218 1514 3304 jactu
1543 3219 1688 3305 pulveris
1732 3188 1759 3240 ii.
1773 3195 1829 3243 rso.

475 3295 557 3342 ”m
638 3328 673 3390 et
703 3321 777 3385 aliis
799 3319 905 3384 modis
929 3340 983 3383 eas
1006 3319 1223 3404 opilaverant,
1246 3319 1308 3397 vel,
1332 3320 1419 3405 quod
1449 3321 1707 3387 formidabilius·

637 3424 711 3502 fuit,
742 3422 1016 3501 intoxicaverant,
1047 3428 1086 3486 ut
1117 3421 1339 3487 obsidentium
1371 3423 1517 3489 conditio
1547 3423 1710 3509 ineptior.

638 3526 837 3594 redderetur.
883 3523 949 3590 Sed
979 3530 1013 3589 et
1035 3524 1194 3589 cisternas
1223 3529 1256 3589 et
1295 3524 1492 3611 pluvialium
1529 3548 1689 3612 aquarum

637 3628 843 3716 receptacula
864 3633 924 3692 aut
954 3625 1204 3712 dissipaverant,
1229 3632 1269 3692 ut
1290 3650 1393 3713 aquas
1415 3627 1592 3715 nequirent
1614 3652 1689 3694 con-

638 3733 752 3810 tinere,
788 3735 849 3796 aut
885 3730 1140 3806 occultaverant,
1172 3736 1212 3794 ut
1243 3731 1426 3796 remedium
1456 3730 1690 3798 subtraherent

637 3836 757 3923 populo
772 3832 906 3899 sitienti
937 3832 1112 3918 Dispersus
1127 3832 1231 3918 igitur
1245 3831 1384 3919 populus
1398 3854 1456 3920 per
1470 3833 1541 3899 loca
1551 3835 1689 3914 diversa,

637 3943 678 4004 ut
691 3959 794 4024 aquas
809 3939 995 4023 quaercrent
1009 3933 1224 4014 tabescentes,
1240 3934 1319 3999 dum
1335 3935 1464 4000 exirent
1478 3957 1552 4000 cum
1568 3937 1689 4023 paucis,

636 4047 676 4108 ut
697 4040 812 4106 latices
844 4042 1061 4125 reportarent,
1089 4037 1149 4101 alii
1179 4036 1268 4103 idem
1301 4037 1458 4103 habentos
1488 4040 1690 4124 propositum

636 4143 741 4209 multo
763 4142 874 4228 plures
896 4146 1178 4227 supervenerunt3
1201 4143 1245 4215 et,
1267 4139 1413 4205 inventis
1436 4139 1591 4218 fontibus,
1614 4142 1690 4206 lites

636 4248 717 4314 adeo
739 4246 916 4313 contestati
938 4250 1025 4320 sunt,
1047 4249 1088 4309 ut
1116 4266 1354 4330 nonnunquam
1385 4245 1472 4309 inter
1494 4267 1548 4311 eos
1571 4245 1689 4310 seditio

637 4351 785 4416 oriretur.
832 4348 921 4434 Equi
944 4353 1112 4434 praeterea,
1136 4347 1219 4412 muli
1242 4353 1276 4413 et
1309 4347 1403 4425 asini,
1425 4369 1539 4435 greges
1573 4354 1608 4414 et
1638 4371 1689 4413 ar-

637 4459 759 4532 menta,
784 4451 840 4517 siti
862 4450 1083 4536 ariditateque
1097 4454 1293 4536 consumpta
1307 4450 1535 4515 moriebantur
1549 4450 1688 4516 interius

637 4555 836 4643 liquefacta;
860 4553 949 4618 unde
975 4552 1012 4616 in
1038 4552 1155 4619 castris
1183 4552 1282 4617 foetor
1308 4551 1500 4618 exhalavit⁶
1530 4553 1686 4620 intolera-

637 4658 722 4736 bilis,
744 4663 779 4723 et
800 4656 956 4743 pestilens
978 4654 1077 4719 nimis
1099 4653 1183 4718 aeris
1206 4655 1396 4742 corruptela.

672 4905 679 4933 ¹
692 4903 728 4968 et]
743 4901 776 4952 So
784 4901 836 4950 also
844 4901 886 4951 W.
896 4901 929 4950 A.
940 4900 969 4951 C.
977 4899 1009 4951 D.
1033 4899 1089 4950 Om.
1101 4901 1140 4950 ed
1160 4911 1162 4919 ·
1216 4900 1226 4928 ³
1233 4899 1332 4964 parcos]
1352 4907 1451 4964 putuos,
1462 4900 1519 4952 MS.

638 4983 728 5032 Weud
745 4981 777 5029 In
788 4979 1087 5038 Edditisretained,but
1098 4979 1141 5028 the
1160 4936 1163 5014 l
1218 4980 1226 5006 ⁴
1234 4976 1353 5044 mulas]
1374 4978 1493 5044 Supplicd
1512 4982 1577 5030 from
1597 4983 1639 5032 W.
1653 4983 1686 5032 A.

638 5077 691 5110 cam
702 5060 836 5125 preceding
845 5059 939 5108 altered
950 5067 977 5108 to
987 5057 1056 5122 qaod
1160 5018 1164 5115 l
1184 5058 1212 5109 C.
1220 5058 1252 5106 D.
1263 5057 1292 5106 F.

671 5137 778 5207 2πιἸιιἸο]
798 5137 902 5199 nichilo,
912 5137 969 5189 MS.
1161 5133 1165 5200 l
1217 5135 1376 5206 'exldauilJ
1390 5139 1508 5201 exalavit,
1520 5140 1577 5192 MS.
