4442 6392
677 1157 742 1221 242
810 1166 976 1218 ulrrsffl
998 1161 1212 1214 rlursirusis
1236 1158 1400 1222 nrsronn
1422 1157 1622 1208 luciosus.

510 1357 789 1412 A.D.1rre·seoure
811 1342 848 1407 in
871 1361 972 1427 regno
995 1338 1065 1425 ejus
1089 1358 1157 1403 non
1172 1335 1379 1422 quiesceres.''
1426 1334 1617 1421 Superque
1641 1330 1731 1395 dicto

512 1442 612 1558 {iffi
624 1512 651 1554 ω
679 1470 739 1514 rex
761 1444 943 1524 subridens,
970 1443 1005 1506 in
1029 1439 1270 1506 Normenniam
1293 1437 1462 1502 remeavit.

512 1574 667 1636 Normandy.

791 1684 986 1765 Willclmus,
1010 1707 1114 1751 cosses
1136 1653 1372 1764 flandrensis,
1397 1681 1609 1770 retemptat}

724 1831 873 1896 Advenit
894 1835 1007 1895 autem
1030 1829 1145 1894 eodem
1168 1835 1315 1914 tempore
1337 1849 1358 1890 a
1381 1825 1531 1914 portibus
1546 1824 1731 1891 Germanice
1742 1841 1909 1921 linguerd

681 1935 750 1999 dux
789 1932 924 2019 quidem
962 1931 1192 2008 Theodericus,
1230 1951 1306 2017 rege
1344 1928 1490 1994 Henrico
1527 1932 1733 2016 procurante,
1778 1924 1806 1960 ¹¹·
1819 1914 1882 1960 ²⁰⁹·
1919 1940 1924 1947 '

681 2036 848 2102 hostiliter
871 2036 906 2098 in
929 2034 1130 2112 Elendriam,
1155 2033 1315 2120 quosdam
1340 2032 1441 2098 etiem
1464 2053 1612 2119 proceres
1636 2032 1735 2096 Flen-

684 2140 817 2204 drensee
840 2159 951 2203 secum
973 2137 1128 2217 trohens;
1165 2136 1223 2201 sed
1255 2155 1360 2202 comes
1383 2134 1570 2199 Willelmus
1600 2135 1734 2200 obviam

406 2293 409 2298 -
518 2261 653 2311 Baiuebe
684 2241 750 2305 illis
772 2241 956 2327 intrepidus
979 2240 1128 2305 occurrit.
1175 2239 1366 2326 Pugnatum
1388 2243 1439 2304 est
1460 2238 1629 2324 utrimque
1655 2237 1735 2302 viri-

517 2327 769 2444 ff'ffigssliter,
793 2348 964 2420 eleemos,
987 2340 1208 2428 licetpuucos
1238 2342 1276 2405 in
1306 2362 1366 2406 suo
1398 2341 1559 2406 comitatu
1590 2339 1736 2416 heberet,

519 2460 624 2510 andthe
685 2444 938 2532 infatigabiliter
960 2450 994 2510 et
1016 2444 1285 2530 insuperabiliter
1311 2444 1478 2522 dimicans,
1502 2444 1648 2509 hostium
1671 2444 1757 2514 dis·.
1830 2443 1831 2446 ’

518 2527 647 2644 3333?ss
686 2548 808 2647 sipavii
830 2547 984 2633 legiones,
1006 2552 1041 2612 ei
1062 2546 1251 2611 invincibili
1273 2546 1439 2632 probitate
1462 2547 1662 2633 paucitatem
1686 2546 1756 2615 sui.

686 2649 850 2715 exercitus
871 2649 1019 2714 redemit.
1066 2649 1232 2714 Cruentus
1262 2651 1351 2714 enim
1373 2648 1410 2712 in
1440 2649 1539 2714 urinis
1569 2655 1603 2714 et
1628 2649 1739 2714 fulmi-

687 2774 778 2832 neus,
800 2771 876 2817 ense
898 2751 1111 2817 chonrsconte
1138 2750 1273 2816 hostiles
1295 2773 1415 2816 cuneos
1430 2752 1536 2818 victos
1550 2751 1739 2839 sufugobet.

522 2867 639 2932 Siegeof
689 2854 894 2919 victoriosus
916 2854 1022 2939 igitur
1044 2872 1151 2919 comes
1174 2853 1367 2933 Willelmus,
1391 2854 1471 2918 dum
1493 2860 1636 2920 castrum
1652 2854 1741 2940 Augi

521 2933 652 3051 {leffe
689 2961 805 3020 contre
819 2977 927 3042 regem
947 2955 1131 3020 Henricum
1158 2955 1347 3035 obsedisset,
1364 2960 1399 3020 et
1421 2955 1458 3019 in
1480 2958 1624 3022 crastino
1647 2956 1741 3021 reddi

522 3082 650 3134 nendos
691 3062 840 3123 coactum
862 3056 988 3134 fuisset,
1019 3051 1170 3122 hostibus
1195 3056 1268 3142 jem
1291 3079 1385 3144 paene
1412 3056 1606 3145 subjugatis,
1637 3080 1741 3145 parvo

522 3149 679 3266 &Imm
691 3158 829 3224 vulnere
871 3158 959 3223 idem
992 3156 1129 3244 juvenis
1162 3158 1199 3223 in
1229 3181 1331 3225 manu
1363 3180 1543 3246 percussus,
1584 3159 1659 3240 tole,
1702 3166 1742 3225 ut

691 3260 844 3340 creditur,
869 3261 1015 3327 toxicato
1048 3260 1197 3342 interiit;
1230 3260 1288 3326 sed
1311 3264 1423 3328 temen
1445 3267 1596 3329 mortuns
1621 3263 1760 3336 lamam,

691 3360 853 3430 inauditae
877 3360 1054 3450 probitatis
1077 3359 1297 3451 perpetuavit.

526 3675 622 3726 Deaths
631 3677 658 3725 ol
964 3623 1130 3690 Obieruut
1152 3625 1297 3710 quddam
1320 3627 1477 3715 episcopi.

526 3743 683 3890 {1¹:323
740 3763 929 3852 Eodemque
963 3785 1050 3835 anno
1084 3766 1280 3858 Ranulphus
1303 3770 1535 3841 Dnnelrnensis
1562 3781 1596 3843 et
1618 3768 1917 3857 willel-Rogmoi

527 3889 619 3942 victor
695 3889 768 3936 mus
792 3867 1030 3936 Wintonicnsis
1054 3871 1196 3963 episcopi
1223 3876 1384 3941 obierimt.
1431 3877 1590 3966 Magister
1616 3902 1745 3968 quoque
1784 3859 1811 3908 ii.
1826 3863 1889 3912 ²⁰⁹·

527 3956 662 4077 fflffiff
697 3972 797 4060 Hugo
821 3973 861 4037 de
878 3970 1000 4039 Sancto
1016 3974 1150 4042 Victore
1168 3973 1307 4044 Orouion
1329 3999 1389 4045 suu
1411 3977 1579 4069 hueusque
1603 3980 1745 4071 digessit.

529 4091 603 4143 niele.

696 4235 769 4302 Res
791 4234 967 4302 Heocrbus
990 4237 1102 4305 uouit
1124 4240 1312 4308 concilium
1343 4243 1382 4309 de
1416 4247 1616 4315 mendicis
1642 4268 1747 4315 socer·

1158 4342 1284 4414 dolus.

430 4551 435 4563 ι
530 4486 686 4537 A.1).1129.
741 4471 843 4538 Anno
866 4474 1001 4539 Domini
1024 4490 1258 4559 M0.c0.xx⁰1x⁰.,
1283 4479 1440 4562 Honorio,
1457 4485 1515 4572 qui
1541 4487 1577 4551 in
1602 4486 1927 4568 Romanarum.

529 4569 670 4685 ξὲξξῃξῦᾑ
698 4573 854 4641 cathedre
875 4576 1004 4642 sederat
1026 4581 1122 4645 annis
1138 4602 1169 4646 v.
1187 4587 1222 4647 et
1235 4586 1403 4652 mensibus
1419 4586 1556 4670 duobus,
1573 4589 1750 4656 successit¹
1789 4571 1817 4620 ii.
1831 4577 1892 4626 ²¹⁰·

530 4703 651 4817 {reciso
661 4708 688 4751 to
700 4675 936 4744 Innocentius³
981 4679 1172 4769 Eodemque
1186 4706 1274 4752 enno
1296 4709 1355 4754 rex
1370 4689 1535 4756 Henrious
1550 4694 1661 4758 tenuit
1675 4713 1751 4759 con·

557 4782 660 4819 Onorllffi

531 4834 567 4884 Π.

734 4943 740 4973 ¹
754 4943 900 5011 triumphat]
919 4947 1083 5014 trihnmphst
1094 4949 1152 5003 ΜΒ.
1252 4960 1282 5005 14
1293 4952 1354 5006 Feb.
1372 4956 1444 5021 nso,
1457 4955 1500 5010 the
1511 4961 1561 5026 dny
1573 4959 1603 5012 of
1615 4958 1656 5011 his
1667 4964 1754 5027 prede-

734 5021 882 5089 ²succcssit]
902 5027 1015 5090 sucessit,
1027 5029 1084 5080 MS.
1249 5037 1351 5086 cessor's
1363 5036 1448 5102 death,
1459 5036 1535 5103 June,
1547 5054 1571 5104 p.
1580 5045 1636 5093 560.

734 5102 744 5130 ⁸
754 5100 880 5154 Innocent
890 5104 926 5156 11.
935 5120 988 5158 uss
998 5114 1044 5161 not
1054 5109 1152 5162 elected
1162 5111 1202 5161 till
