4442 6392
678 1177 724 1223 nn
747 1176 906 1225 rmrronr
929 1177 1030 1225 neers
1052 1177 1207 1238 nrumm,
1231 1178 1295 1226 vm.
1319 1178 1477 1226 sucrum.
1543 1165 1606 1224 405

536 1351 601 1422 ,ad
625 1351 781 1436 placitum
805 1351 963 1417 ‹litlirsum
993 1352 1190 1439 colloquium
1214 1375 1289 1417 cum
1312 1353 1425 1418 codem
1449 1352 1607 1416 babuisse.
1621 1358 1689 1411 Al).
1704 1365 1776 1412 1158.

537 1452 604 1524 .Et
627 1454 687 1519 lroc
709 1454 809 1519 etiam
833 1454 868 1518 in
892 1455 1048 1520 extremis
1069 1477 1179 1541 agens,
1203 1452 1583 1520 veracite1·affir·mavit.¹

888 1734 1052 1803 Veritatis
1075 1735 1292 1803 rliluciclote'o.

386 1899 545 1981 Regulam.
603 1886 664 1950 Vir
693 1891 805 1951 aaran
838 1910 933 1952 urano
965 1889 1223 1975 expergefactus,
1247 1888 1282 1953 in
1313 1888 1450 1976 ancipiti
1481 1890 1607 1974 positus
1621 1910 1759 1962 Confirma-

420 1974 515 2020 ΗΜ·
557 1988 748 2066 fluctuabat,
772 1995 884 2055 utrum
908 1991 970 2055 sub
993 1991 1126 2055 cilentio
1156 1991 1394 2055 ‹lissiumlando
1417 1991 1608 2077 praeteriret,
1620 1978 1714 2094 ff'ssssdf
1722 1978 1764 2028 ¹¹¹⁰

557 2113 601 2155 an
624 2092 706 2171 aliis,
731 2115 805 2177 quae
839 2092 1051 2179 corporaliter
1072 2098 1168 2180 gesta
1190 2093 1377 2174 didiscerat,
1401 2093 1473 2158 sine
1496 2093 1608 2178 aliqua
1644 2062 1661 2110 g
1711 2081 1717 2092 ’

559 2192 768 2259 lraesitationo
785 2195 954 2260 revelaret.
992 2194 1029 2259 Si
1050 2195 1137 2259 enim
1154 2195 1274 2273 sileret,
1291 2217 1422 2281 peceare
1437 2195 1607 2260 metuebat

558 2296 593 2359 in
610 2296 716 2361 Deum
730 2321 738 2376 ;
762 2297 790 2360 si
806 2319 874 2361 rem
891 2296 1083 2382 publicaret,
1099 2320 1220 2362 sarnum
1235 2296 1406 2362 hominum
1423 2297 1606 2363 verebatur.

558 2397 630 2463 Ista
653 2399 786 2465 tandmn
822 2398 934 2463 animo
966 2421 1052 2485 saepe
1075 2400 1258 2480 revolvere,
1284 2399 1384 2465 timor
1407 2399 1470 2464 Dei
1494 2399 1609 2464 limna-

556 2522 637 2565 num
652 2501 844 2581 absorbuit3
869 2507 912 2578 et,
928 2501 1005 2566 lieet
1020 2501 1128 2566 adhuc
1145 2501 1281 2566 verbum
1305 2503 1365 2567 hoc
1381 2502 1608 2567 communibus

557 2608 642 2668 essct
664 2605 800 2669 auribus
830 2604 1072 2683 absconditum,
1097 2604 1293 2670 domesticos
1327 2612 1439 2670 tamen
1474 2627 1608 2669 suorum

557 2710 591 2769 et
606 2705 753 2792 privatos
769 2706 877 2771 effecit
899 2706 1043 2770 conscios
1058 2711 1264 2771 secretorum.
1314 2706 1366 2771 Illi
1383 2712 1503 2787 autem,
1520 2708 1608 2792 quod

558 2806 732 2873 dicebatur
755 2809 790 2873 in
825 2807 980 2885 tenebris,
1003 2808 1039 2872 in
1071 2809 1197 2874 lumine
1220 2809 1439 2896 proferebant,
1463 2815 1497 2873 ot
1520 2809 1606 2893 (prod

559 2909 592 2973 in
617 2933 696 2975 aure
728 2911 912 2990 audierant,
937 2932 1035 2997 super
1067 2915 1155 2975 tecta
1187 2911 1420 2997 praedicabant.
1468 2910 1608 2976 Factum

537 3017 609 3089 ,est
630 3018 753 3093 autom,
776 3019 815 3079 ut
839 3014 874 3078 in
904 3014 997 3079 brevi
1020 3012 1160 3078 verbum
1184 3014 1275 3080 istud
1298 3037 1356 3101 per
1378 3019 1484 3080 totam
1508 3014 1608 3079 disse-

403 3138 446 3187 sor.
459 3143 521 3188 aaa,
557 3113 740 3180 minaretur
754 3115 965 3203 provinciam,
982 3117 1064 3183 adeo
1080 3118 1224 3200 quidem,
1239 3122 1279 3182 ut
1302 3139 1415 3182 rumor
1429 3118 1608 3182 claustrum

557 3217 673 3283 Sancti
696 3217 820 3283 Albani
835 3217 985 3284 intraret.
1033 3221 1187 3305 Denique
1213 3220 1301 3284 fama
1323 3218 1519 3298 desiderata,
1535 3219 1610 3304 qui-

556 3320 695 3385 busdam
712 3319 963 3406 perferentibus,
980 3322 1111 3387 obbatis
1127 3322 1284 3408 symonis
1299 3344 1395 3387 aures
1410 3322 1608 3407 penetravit,

557 3419 650 3505 cujus
673 3426 748 3506 poet
770 3421 877 3486 Deum
899 3423 1097 3489 auctoritate
1121 3424 1292 3510 negotium
1315 3424 1399 3488 illud
1422 3423 1523 3487 robur
1538 3430 1610 3487 orat

557 3522 743 3608 specialiter
756 3522 949 3589 habiturum
963 3549 972 3605 ;
995 3526 1052 3610 qui
1077 3527 1229 3613 protinus
1252 3526 1371 3591 electos
1386 3524 1427 3588 de
1443 3530 1609 3589 conventu

557 3624 675 3690 tratres
698 3624 825 3711 aliquot
840 3626 883 3691 ad
905 3628 1023 3708 locum,
1039 3649 1136 3714 quem
1160 3628 1213 3691 vir
1234 3626 1291 3692 ille
1314 3632 1507 3692 ostensurus
1529 3629 1609 3705 erat,

558 3726 673 3791 eodem
688 3726 761 3792 viro
776 3728 910 3813 praevio,
926 3729 1115 3795 destinavit.
1162 3729 1354 3796 Conventus
1378 3729 1504 3793 interca
1519 3727 1610 3791 domi

559 3828 687 3895 devotis
718 3830 926 3896 orationibus
956 3830 1178 3908 incumbebat,
1212 3836 1247 3896 et
1283 3831 1402 3895 fratres
1440 3831 1608 3895 ductorem

558 3954 654 3995 suom
678 3938 860 4018 sequentes,
885 3933 997 3998 videre
1013 3934 1188 3999 martirum
1203 3932 1359 4018 reliquias
1377 3932 1608 4019 properabant.

558 4033 632 4114 Quo
656 4034 789 4100 demum
820 4035 1057 4122 pervenientes,
1082 4036 1283 4100 invenerunt
1313 4034 1437 4100 ibidem
1459 4034 1609 4099 fidelium

557 4137 815 4215 multitudinem,
831 4159 912 4224 quos
928 4138 1073 4227 Spiritus
1096 4137 1237 4204 Sanetus
1251 4159 1408 4224 prospero
1423 4135 1611 4222 pronostioo

558 4239 593 4302 in
617 4261 721 4304 unum
745 4240 929 4327 collegerat,
953 4247 993 4306 ut
1022 4240 1212 4306 inventioni
1234 4239 1380 4305 martiris
1403 4238 1610 4304 interessent.

388 4348 544 4427 laguena
559 4341 633 4406 Illis
669 4348 779 4408 autem
820 4348 978 4409 eventurn
1017 4344 1064 4408 rei
1104 4342 1382 4430 praestolantibus,
1416 4341 1612 4428 saepedictus

421 4422 516 4466 ”⁸³⁹²
558 4444 657 4509 homo
680 4443 896 4531 praecedebat,
929 4445 1090 4511 fratribus
1121 4444 1293 4532 planitiem
1319 4444 1496 4510 ostendens
1519 4463 1612 4508 sane·

558 4553 668 4612 torum
684 4569 819 4635 corpora
833 4547 1068 4614 continentem.
1115 4543 1197 4612 Erat
1220 4552 1333 4612 autem
1348 4547 1430 4612 feria
1451 4546 1509 4611 via
1533 4550 1612 4610 ante
1642 4567 1763 4620 22ng

559 4651 837 4738 sollempnitatem
861 4650 952 4716 beati
975 4650 1107 4728 Albani,
1132 4649 1265 4735 quando
1297 4650 1368 4715 haee
1400 4650 1489 4714 faeta
1524 4653 1611 4728 sunt,

559 4775 624 4840 qua
638 4752 785 4838 ejusdem
801 4753 905 4818 saneti
929 4752 1038 4838 passio
1061 4751 1254 4817 celebratur.
1301 4752 1355 4816 Ab
1378 4750 1435 4815 illo
1459 4772 1535 4837 ergo
1558 4749 1612 4815 die

566 4918 883 4928 -—-——-.—----—--
903 4918 980 4924 -.-
1007 4917 1096 4925 -.-.--

593 5009 651 5059 'El
661 5007 704 5060 tec
721 5046 727 5059 .
749 5046 754 5059 .
777 5008 947 5075 .offirmacil]
968 5009 1060 5059 Added
1072 5014 1098 5059 te
1110 5007 1153 5058 tlrc
1170 5014 1233 5069 text,
1245 5007 1328 5072 partly
1339 5023 1372 5059 on
1390 5023 1421 5058 un
1440 5022 1548 5061 umore.
1584 5006 1614 5059 F.

559 5104 654 5155 agrees.
