4442 6392
560 1205 606 1256 nu
626 1204 786 1255 ruuroan
810 1204 910 1256 rums
932 1204 1105 1257 suuntur
1128 1203 1286 1268 succum,
1308 1206 1375 1256 vrz.
1397 1206 1489 1256 surr.
1525 1192 1585 1258 155

519 1380 683 1457 trevehar,
705 1386 764 1445 aut
786 1384 937 1445 revertar
958 1377 1167 1444 semivivus.”
1212 1379 1328 1445 Turcis
1350 1382 1454 1467 igitur
1475 1381 1588 1468 frigam
1604 1387 1671 1440 Ad).
1686 1394 1757 1442 1099.

538 1483 783 1559 meditantibus,
801 1504 900 1568 eques
922 1481 1057 1568 quidam
1073 1479 1303 1569 Lotharingue,
1319 1484 1376 1569 qui
1399 1485 1435 1548 in
1456 1485 1589 1570 agmine

538 1592 686 1651 extremo
710 1608 784 1651 cum
808 1586 890 1650 duce
913 1589 985 1650 erat
1001 1583 1192 1664 Godefrido,
1216 1584 1411 1651 alateribus
1427 1587 1588 1671 equitans,

536 1688 725 1754 libertatem
741 1689 829 1775 fugae
852 1685 1006 1775 fugitivis
1029 1686 1214 1773 denegavit.
1261 1687 1361 1752 Unde
1384 1689 1485 1775 ipsia
1508 1690 1589 1754 duce
1605 1697 1661 1749 The
1674 1699 1760 1750 Turks

539 1791 817 1869 Normannorum,
840 1791 897 1876 qui
922 1790 959 1854 in
982 1790 1089 1875 prima
1122 1790 1191 1854 acie
1214 1796 1286 1854 erat
1317 1812 1389 1855 eum
1421 1792 1589 1878 equitibus
1604 1774 1741 1898 {ww
1841 1824 1848 1836 ·

539 1899 573 1959 et
595 1895 786 1981 sagittariis,
803 1893 969 1981 penetrati
993 1897 1027 1957 et
1051 1892 1212 1979 dissipati,
1236 1897 1271 1957 et
1294 1894 1337 1958 ab
1360 1896 1518 1959 extremis
1537 1896 1589 1959 in-

518 1997 628 2076 clusi,
654 1997 758 2061 etsie
781 1996 875 2083 quasi
899 1995 989 2059 inter
1020 1994 1124 2059 molas
1153 1994 1298 2072 contriti,
1330 1996 1405 2061 eresi
1435 2003 1514 2062 sunt
1546 1998 1588 2062 ad

519 2099 685 2164 .fidelium
708 2099 925 2164 voluntatem.
970 2096 1234 2162 Admiravisius¹
1268 2102 1379 2163 autem
1404 2100 1533 2164 saucius
1556 2105 1590 2164 et

539 2207 693 2266 cruentus
715 2222 813 2287 super
828 2199 1069 2265 dromedarium
1093 2198 1230 2286 positus,
1251 2200 1368 2288 rapido
1391 2224 1487 2267 eursu
1502 2203 1589 2288 elap-

517 2324 592 2368 .sus
623 2309 682 2385 est,
719 2325 762 2368 ne
792 2304 836 2368 ad
865 2303 1073 2368 voluntatem
1116 2302 1262 2369 hostiurn
1293 2323 1427 2370 suorum
1459 2305 1591 2391 penitus

519 2451 526 2466 .
538 2407 796 2473 detruncaretur.

629 2596 679 2661 Do
701 2595 822 2682 spoliis
847 2593 996 2662 bostiam
1022 2616 1045 2659 o
1070 2593 1281 2660 Otristicmis
1305 2592 1499 2681 adquisitis.

365 2751 527 2830 Iagwenc.
586 2741 714 2809 Collata
743 2744 848 2831 igitur
870 2743 916 2809 sic
946 2741 1099 2808 fidelibus
1130 2743 1170 2807 de
1193 2743 1344 2830 supernis
1378 2742 1518 2808 victoria
1538 2743 1589 2808 in-
1606 2752 1703 2832 spoils⁸

400 2833 429 2870 ¹¹·
444 2824 499 2870 ¹⁵⁰·
539 2845 697 2926 credibili,
720 2845 756 2911 in
789 2847 934 2912 hostium
967 2843 1206 2910 tabernacula2
1238 2850 1349 2912 noster
1378 2845 1512 2912 devenit
1533 2870 1590 2912 ex·
1605 2819 1723 2938 {32¹2}

528 2951 659 3041 ¹orcitus
681 2949 916 3031 laetabundus;
951 2950 1010 3014 ubi
1040 2954 1171 3014 tantam
1203 2950 1286 3030 auri,
1317 2949 1456 3035 argenti,
1488 2950 1590 3015 variae
1604 2953 1759 3019 my’seamp.

536 3053 780 3140 suppellectilis
806 3075 1020 3140 gemmarum,
1052 3053 1313 3139 divitiarumque
1341 3051 1589 3138 poiegrinarum

527 3157 687 3245 copiam³
716 3156 856 3234 invenit,
880 3162 1045 3243 utusque
1075 3156 1118 3220 ad
1150 3177 1307 3221 nauseam
1336 3156 1459 3237 satiati,
1491 3154 1591 3221 melle

536 3258 726 3323 fastidirent
758 3265 792 3323 et
822 3258 980 3345 placenta,
1012 3259 1061 3322 ita
1093 3265 1132 3324 ut
1162 3259 1319 3322 minimus
1350 3258 1455 3324 dicere
1476 3259 1590 3346 possit,

538 3362 703 3447 “inopem
742 3384 793 3426 me
831 3361 924 3446 copia
965 3358 1092 3426 fecit.''⁴
1149 3360 1230 3427 Dux
1275 3368 1386 3426 autem
1425 3362 1590 3428 Robertus
1603 3379 1741 3431 DukeRe

538 3464 618 3529 emit
640 3463 879 3529 standardum⁶
906 3463 949 3528 ab
972 3463 1036 3527 hiis
1059 3463 1116 3549 qui
1148 3463 1229 3527 illud
1261 3464 1479 3541 retinuerunt,
1510 3465 1590 3530 dum
1603 3448 1745 3564 ffifaffie

516 3566 599 3644 ‚ille‚
642 3565 872 3631 emolumentis
913 3587 1121 3651 nequaquam
1163 3564 1302 3642 inhians,
1342 3565 1451 3631 hostes
1484 3567 1590 3632 acrius
1603 3581 1731 3631 admiral’s

537 3670 773 3753 insequeretur,
799 3668 921 3754 viginti
952 3667 1069 3732 marcis
1100 3667 1239 3754 argenti.
1301 3667 1347 3733 Et
1378 3669 1475 3734 duxit
1506 3670 1590 3735 illud
1602 3649 1739 3764 ffi‘ssffi’,

538 3771 572 3835 in
607 3770 815 3857 sepulchrum
845 3770 983 3835 Domini
1016 3776 1050 3834 et
1082 3767 1228 3857 optulit,⁶
1262 3771 1304 3835 ad
1337 3777 1589 3837 monumentum
1602 3779 1713 3832 iratae

527 3867 571 3939 et
602 3873 794 3938 memoriam
824 3873 902 3937 talis
932 3872 1092 3959 triumphi
1123 3878 1259 3958 tamque
1293 3872 1436 3958 gloriosi.
1493 3875 1589 3940 Alius
1602 3846 1729 3978 {iffi

539 3997 668 4063 quoque
701 3996 811 4041 ensem
834 3975 980 4061 ejusdem
1007 3973 1237 4039 admiravisii⁷
1259 3975 1416 4041 bisanciis
1436 3978 1479 4043 xl
1503 4000 1590 4043 oom-

519 4084 701 4165 .paratum,
724 4079 767 4143 ad
790 4075 1067 4144 ostentationem⁸
1089 4078 1213 4143 ibidem
1243 4080 1382 4165 posteris
1405 4081 1588 4168 dereliquit.

518 4181 662 4246 .Omnia
691 4182 779 4246 enim
818 4181 899 4259 Deo,
937 4202 1003 4245 non
1043 4181 1235 4245 hominibus
1272 4182 1486 4249 ascribebant.
1534 4184 1589 4250 Sic

525 4286 650 4386 igitur,
673 4283 875 4371 fugientibus
909 4283 1113 4361 adversariis,
1145 4284 1254 4370 palma
1285 4286 1490 4351 nostratibus
1525 4310 1588 4353 coe-

538 4389 617 4454 litus
652 4409 811 4465 concessa,
850 4409 923 4451 oum
962 4384 1091 4473 ingenti
1124 4386 1247 4473 gaudio
1281 4389 1405 4453 reversi
1443 4395 1522 4454 sunt
1552 4391 1588 4455 in

538 4492 730 4568 Jerusalem,
767 4490 905 4555 diversis
937 4486 1125 4554 manubiis⁹
1163 4490 1298 4555 onerati.
1357 4491 1426 4555 Ubi
1456 4491 1585 4578 aliquot

572 4747 788 4813 ¹Admiraoisr'us]
803 4745 1038 4806 Admirasius,MS.
1118 4745 1307 4811 'admiravisiq
1327 4745 1465 4809 admirasii,
1476 4749 1535 4801 MS.

570 4832 580 4860 ²
592 4826 764 4893 tabernacula]
784 4828 876 4877 Added
887 4828 913 4875 in
925 4841 1005 4890 marg.
1118 4825 1330 4892 lamentationem]
1361 4827 1399 4876 Ar
1414 4826 1469 4878 first
1487 4831 1587 4883 written

572 4912 581 4940 ¹
593 4907 702 4974 copiam]
721 4913 817 4958 tantem
829 4906 935 4970 copiam,
947 4906 1005 4957 MS.
1083 4904 1243 4953 ostentionem.

572 4991 580 5018 ⁴
594 4988 669 5038 Ovid.
679 4987 782 5037 Metam.
794 4987 836 5036 lib.
849 4985 885 5036 iii.
896 5001 921 5034 v.
936 4991 993 5036 466.
1116 4981 1270 5049 ⁸monudir’s]
1281 4983 1443 5035 InEddcnd
1450 4989 1488 5038 ed.
1495 4988 1586 5042 Wend.

571 5066 765 5133 'standardum
784 5065 947 5125 standarium,
954 5064 1012 5117 MS.
1082 5063 1181 5127 printed
1191 5062 1342 5129 incorrectly
1353 5065 1471 5118 manitus.

572 5150 582 5177 ⁶
592 5154 615 5196 et
624 5145 724 5212 optulit]
743 5146 835 5196 Added
845 5144 873 5194 in
881 5159 960 5210 marg.
