4442 6392
671 1177 736 1245 226
806 1189 974 1244 murrum
997 1188 1210 1244 rlarsmusm
1232 1189 1398 1244 meream
1420 1191 1622 1246 mororum.

504 1367 911 1456 A.D.1119.magnitudine,
937 1390 1011 1454 quae
1046 1372 1097 1432 est
1121 1368 1190 1454 ipso
1222 1369 1321 1446 Deus,
1349 1390 1508 1456 magnum
1535 1390 1626 1450 esse;
1657 1391 1723 1434 non

671 1472 738 1537 nisi
760 1494 799 1538 ea
821 1469 1020 1550 aeternitate,
1045 1490 1120 1557 quae
1147 1476 1198 1537 est
1220 1471 1289 1557 ipse
1313 1471 1413 1549 Deus,
1441 1476 1605 1538 aeternum
1637 1493 1704 1537 esse
1716 1497 1724 1552 ;

671 1595 740 1640 non
762 1573 830 1638 nisi
862 1596 901 1639 ea
931 1573 1072 1650 unitate,
1099 1594 1174 1658 quae
1204 1579 1256 1639 est
1279 1573 1357 1660 ipse,
1389 1594 1459 1639 esse
1490 1596 1616 1657 unum;
1657 1594 1725 1641 non

679 1677 746 1742 nisi
772 1697 812 1741 ea
828 1675 1012 1742 divinitate
1036 1674 1200 1762 [Deum],¹
1228 1697 1303 1762 quae
1333 1677 1370 1741 in
1400 1676 1472 1762 ipso
1499 1681 1567 1758 est3
1598 1677 1634 1742 id
1664 1682 1724 1758 est,

671 1781 708 1845 in
730 1780 835 1866 seipso
858 1780 1050 1865 sapientem,
1077 1799 1242 1864 magnum,
1266 1783 1438 1858 aeternum,
1460 1802 1563 1845 unum
1588 1778 1727 1846 Deum.’'

671 1882 824 1950 Secundo
848 1883 944 1962 dixit,
976 1881 1106 1962 “Quod
1128 1903 1197 1947 non
1220 1904 1307 1947 unus
1331 1882 1445 1961 Deus,2
1467 1883 1522 1948 vel
1547 1904 1616 1948 una
1648 1883 1725 1949 sub-

671 1986 805 2062 stantia,
828 1991 888 2052 aut
913 2007 1017 2050 unum
1048 1984 1176 2070 aliquid
1204 1986 1249 2051 sit
1278 1985 1373 2051 tres³
1405 2007 1562 2072 personae,
1581 1985 1626 2050 *id
1663 1992 1722 2065 est,
1736 2002 1899 2070 seguono„

672 2088 780 2168 Pater,
813 2095 848 2156 et
878 2087 991 2166 Filius,
1023 2092 1058 2153 et
1080 2087 1225 2174 Spiritus
1258 2087 1421 2168 Sanctum
1453 2090 1534 2174 ipsae
1556 2110 1634 2154 voro
1656 2093 1724 2154 tres
1769 2071 1795 2121 ἢ·
1811 2075 1858 2122 ¹⁹⁸

671 2212 819 2280 personae
856 2192 923 2258 tria
952 2196 1032 2257 sunt
1064 2190 1254 2258 differentia
1282 2196 1318 2257 et
1351 2213 1498 2270 numero,
1525 2214 1564 2258 oc
1597 2192 1626 2257 si
1655 2196 1724 2257 tres

671 2294 821 2362 homines
858 2293 1100 2361 humanitatom
1130 2316 1232 2361 unam
1265 2316 1403 2361 numero
1441 2294 1562 2361 habero
1598 2288 1725 2361 inveni·
1803 2296 1811 2303 “

669 2395 813 2463 rentur.''
859 2396 1064 2464 Concilium:
1099 2396 1217 2463 “Cum
1248 2397 1290 2462 de
1311 2397 1421 2463 tribus
1443 2397 1591 2484 personis
1620 2397 1725 2484 loqui-

670 2521 753 2581 mur,
778 2499 885 2576 Patre,
903 2498 999 2581 Filio,
1016 2504 1051 2565 et
1074 2498 1204 2586 Spiritu
1225 2499 1357 2581 Sancto,
1372 2500 1462 2587 ipsas
1478 2522 1582 2566 unum
1605 2501 1724 2581 Deum,

669 2624 771 2669 unam
794 2602 945 2668 divinam
960 2601 1184 2669 substantiam
1207 2624 1276 2669 esse
1298 2603 1450 2679 fatemur,
1467 2609 1501 2669 et
1516 2625 1535 2669 e
1549 2624 1704 2670 converso
1717 2627 1724 2683 ;

669 2727 743 2772 cum
759 2706 847 2771 enim
862 2705 903 2770 de
926 2725 993 2770 uno
1009 2703 1090 2783 Deo,
1105 2727 1173 2770 una
1193 2705 1309 2771 divina
1335 2704 1526 2771 substantia
1549 2705 1724 2792 loquimur,

668 2808 779 2896 ipsum
793 2829 897 2874 unum
922 2806 1032 2874 Deum
1058 2814 1094 2874 ot
1115 2829 1218 2874 unam
1241 2808 1389 2874 divinam
1411 2809 1631 2874 substantiam
1657 2830 1725 2874 esse

668 2915 736 2976 tres
751 2932 905 2998 personas
920 2910 1143 2998 profitemur.”
1188 2910 1300 2976 Tertio
1315 2911 1405 2977 dixit
1418 2915 1618 2977 memoratus
1637 2910 1725 2976 (lile-

668 3012 791 3093 bertus,
808 3013 933 3093 “Quod
955 3011 1196 3100 proprietates⁴
1217 3034 1431 3099 personarum
1446 3013 1620 3078 relationes
1636 3035 1723 3099 quse-

670 3117 746 3180 dam
772 3114 875 3180 sunt⁵
897 3121 1040 3195 aeternae,
1064 3137 1138 3201 quae
1162 3137 1229 3181 non
1260 3121 1340 3180 sunt
1362 3113 1468 3202 ipsae⁰
1489 3136 1644 3201 personae,
1668 3116 1724 3181 sed

668 3215 758 3284 tres'
785 3216 901 3283 divisae
931 3237 1077 3295 numero,
1102 3222 1137 3283 et
1160 3217 1267 3282 divisa
1289 3216 1486 3295 substantia,
1517 3222 1551 3282 et
1579 3218 1726 3284 habeant

665 3326 734 3385 tres
757 3319 921 3401 unitates,
945 3325 980 3386 et
1002 3319 1049 3385 sic
1071 3319 1178 3385 multa
1208 3324 1335 3386 aeterna
1357 3318 1448 3397 sint,⁸
1482 3341 1621 3406 quorum
1651 3320 1724 3386 nul·

666 3422 737 3488 lum
768 3423 812 3488 sit
837 3422 952 3489 Deus.’'
1001 3414 1206 3489 Concilium:
1233 3421 1437 3494 “Credimus
1468 3423 1574 3489 solum
1604 3424 1723 3501 Deum,

666 3523 810 3605 Patrem,
828 3531 863 3591 et
878 3524 1010 3604 Filium,
1025 3531 1060 3590 et
1087 3524 1249 3613 Spiritum
1276 3524 1446 3604 Sanctum,
1462 3530 1624 3592 aeternum
1646 3548 1724 3612 esse,

666 3650 726 3695 nec
741 3629 868 3715 aliquas
883 3629 1016 3694 omnino
1031 3626 1202 3709 trofaeo
1217 3627 1403 3709 relationes,
1415 3627 1484 3694 sive
1499 3630 1725 3715 proprietates,

665 3731 720 3798 vel
742 3732 889 3797 unitates
912 3731 1073 3810 dicontur,
1096 3730 1209 3796 adesse
1235 3729 1315 3809 Deo,
1340 3753 1414 3816 quae
1430 3738 1510 3797 sunt
1532 3732 1575 3797 ab
1589 3739 1723 3813 aeterno,
1843 3810 1846 3822 η

666 3855 740 3920 quas
771 3856 840 3900 non
874 3835 942 3900 sint
977 3831 1097 3900 Deus.''
1153 3833 1281 3914 Quarto
1315 3834 1411 3913 dixit,
1447 3835 1573 3915 “Quod
1606 3836 1723 3901 divina

664 3943 786 4003 natura
808 3958 876 4003 non
899 3937 944 4002 sit
966 3934 1166 4002 incamata.''
1213 3936 1419 4003 Concilium:
1446 3937 1651 4004 “Credimus
1673 3940 1722 4024 ip-

664 4061 735 4105 sam
750 4038 972 4118 divinitatem,
988 4039 1057 4104 sive
1072 4038 1296 4104 substantiam
1311 4039 1468 4116 divinam,
1484 4040 1552 4106 sive
1568 4046 1721 4106 naturam

665 4142 814 4208 divinam
838 4141 935 4220 dieas,
958 4141 1165 4208 incarnatam
1187 4163 1265 4221 esse,
1289 4140 1407 4207 sedin
1430 4139 1543 4207 Filio.''

703 4343 710 4363 “
742 4331 933 4419 Campestro
952 4331 1121 4419 proelium
1145 4331 1238 4397 irctcr
1261 4352 1351 4418 repca
1377 4331 1593 4399 Francorum
1618 4339 1648 4398 ct

1082 4433 1291 4519 Aaqlorrcm.

498 4560 641 4614 Batoebe·
710 4546 836 4614 Eodem
869 4568 957 4612 anno
992 4550 1103 4612 actum
1136 4552 1186 4612 ost
1224 4551 1403 4633 campestre
1441 4545 1597 4633 proelium
1634 4546 1721 4612 inter
1731 4563 1892 4629 Rogmoi.

498 4630 637 4760 33:²3⁶
665 4649 886 4730 Lodowicum,
921 4670 1033 4735 regem
1067 4647 1279 4728 Francorum,
1314 4653 1349 4715 et
1383 4647 1575 4726 Henricum,
1609 4671 1719 4735 regem
1764 4631 1791 4680 ii
1807 4637 1862 4685 ¹⁹⁸·

497 4753 858 4895 fflffinmglmm'
891 4753 927 4815 in
958 4751 1046 4816 hunc
1072 4752 1215 4816 modum.
1262 4751 1335 4816 Rex
1359 4749 1569 4828 Francorum,
1593 4750 1720 4816 duabus

699 4920 706 4950 ¹
718 4916 813 4983 Deum]
825 4917 947 4982 Supplied
955 4917 1020 4967 stom
1027 4915 1170 4966 W.A.c.1).
1250 4916 1338 4981 'runl]
1358 4916 1417 4979 sint,
1429 4916 1472 4968 W.
1486 4917 1519 4967 λ.
1530 4916 1559 4969 (l.
1569 4917 1602 4967 D.

697 4994 804 5062 ²Deus]
824 5004 862 5047 est
870 4997 949 5056 Deus,
958 4995 1013 5047 MS.
1027 4996 1077 5046 and
1088 4994 1118 5044 F.
1248 4997 1258 5025 ⁶
1270 4995 1343 5061 rpsoe]
1363 4997 1431 5060 quod
1441 4996 1511 5060 ipsoe,
1522 4995 1564 5046 W.
1572 4995 1606 5047 A.
1620 4996 1649 5047 C.
1661 4997 1694 5046 D.

696 5074 780 5140 urea]
800 5073 857 5126 Om
869 5071 1037 5126 w.a.c.1›.
1247 5074 1330 5140 lires]
1351 5074 1408 5125 Om.
1419 5074 1462 5125 W.
1474 5075 1509 5124 Δ.
1519 5074 1609 5133 0.Ι).;
1632 5090 1680 5134 res,
1692 5076 1713 5125 l.

697 5154 708 5184 ⁴
714 5152 893 5219 proprietam]
914 5151 1098 5216 propriietales,
1109 5152 1166 5204 MS.
1248 5152 1331 5218 'cinq
1350 5159 1418 5214 cuna
1429 5152 1494 5204 Edd.
1506 5154 1558 5204 and
1568 5156 1607 5204 ed.
1617 5154 1708 5205 Wend.
1818 5205 1823 5216 ,

664 5233 696 5282 In
706 5230 749 5285 W.
763 5232 797 5283 Δ.
806 5230 836 5286 0.
845 5230 879 5284 D.
891 5230 925 5286 od
932 5231 1104 5296 proprietates.
1247 5231 1329 5300 ΗΜ]
1347 5230 1450 5295 ΜΨ.
1466 5230 1536 5283 Μ).
1551 5233 1584 5286 D.
