4442 6392
673 1144 738 1205 410
807 1156 969 1205 narrum
995 1154 1209 1206 mnrsrnusrs
1231 1156 1394 1206 nrsronrn
1417 1157 1617 1207 nunnonuu.

501 1340 570 1393 An).
587 1347 658 1395 rus.
671 1331 809 1418 peregit.
848 1331 988 1410 Deinde,
1004 1331 1121 1397 multis
1143 1328 1345 1419 insignitus¹
1363 1329 1541 1417 triumphis
1563 1337 1599 1396 et
1621 1330 1727 1394 laudi-

671 1433 740 1511 bus,
763 1433 806 1500 ad
829 1441 957 1522 patrem
980 1456 1140 1514 reversus,
1163 1456 1238 1502 cum
1269 1435 1392 1502 honore
1422 1433 1536 1501 debito
1558 1438 1728 1520 susceptus

671 1542 728 1602 est.

671 1786 740 1854 Rea·
762 1784 981 1856 Francorum
1011 1786 1214 1856 lodowicus
1245 1785 1413 1856 orationis
1440 1789 1559 1875 pratia
1588 1787 1726 1854 beatum

1057 1889 1220 1959 Tbomooe
1244 1890 1341 1958 odiit.

501 2043 658 2110 monning
716 2034 904 2121 Eodemque
937 2057 1026 2100 anno
1049 2034 1252 2114 Lodowious,
1279 2035 1392 2122 [rex]²
1424 2034 1624 2100 Francorum
1647 2033 1914 2126 piis-qugnvend.

501 2110 646 2228 ‘Jiffiff’
670 2139 781 2216 simus,
805 2137 941 2204 beatum
964 2138 1125 2205 Thomam
1155 2139 1334 2219 martirem,
1357 2140 1410 2204 eui
1435 2138 1665 2205 devotissimus
1688 2142 1744 2208 et.
1775 2122 1882 2169 ¹¹·³⁰⁷·

500 2245 612 2326 tpmbor
670 2241 885 2307 amicissimus
907 2242 1104 2329 quandoque
1135 2243 1303 2320 extiterat,
1328 2241 1485 2307 orationis
1514 2241 1621 2328 gratia
1644 2239 1745 2305 visi.

501 2312 658 2364 btffhomas.
672 2351 743 2410 tare
765 2345 951 2422 decernens,
985 2344 1154 2431 Angliam,
1179 2366 1277 2431 quam
1310 2366 1372 2411 nec
1405 2343 1474 2431 ipse
1508 2366 1568 2409 nec
1590 2365 1724 2408 suorum

670 2447 792 2532 aliquis
807 2452 1046 2513 antecessorum
1061 2447 1172 2534 aliquo
1195 2453 1341 2533 tempore
1355 2448 1559 2524 visitaverat,
1586 2447 1726 2512 devotus

668 2549 817 2614 intravit.
864 2549 937 2615 Rex
960 2554 1072 2615 antem
1095 2550 1279 2637 Anglorunr
1305 2550 1462 2630 venienti,
1485 2572 1605 2614 navem
1636 2549 1726 2635 apud

669 2654 834 2719 Deveram
867 2653 1055 2730 ascendens,
1086 2654 1271 2740 gaudenter
1306 2653 1457 2732 occurrit,
1493 2658 1528 2718 et
1566 2651 1724 2738 quicquid

517 2771 548 2813 sa
562 2763 631 2829 Aug.
668 2757 811 2836 lionoris,
825 2757 941 2842 gaudii
964 2779 1002 2822 ac
1017 2758 1213 2823 reverentius
1236 2761 1376 2842 poterat,
1400 2754 1453 2820 ei³
1477 2754 1536 2821 xit
1561 2754 1722 2820 kalendas

668 2857 873 2944 Septembris
908 2860 1080 2946 impendit.
1128 2859 1409 2926 concurrentibus
1438 2858 1528 2924 enim
1561 2856 1721 2943 archiepi-

666 2982 762 3048 scopo
785 2962 1016 3027 Cantuariensi
1040 2984 1115 3027 cum
1146 2962 1214 3026 suis
1249 2960 1473 3049 suffraganeis,
1497 2959 1732 3047 episcopisque¹

666 3062 762 3128 aliis⁴
784 3063 851 3129 fere
874 3063 1006 3151 Angliae
1032 3063 1194 3143 omnibns,
1221 3065 1404 3142 comitibus,
1428 3063 1615 3142 baronibus,
1640 3084 1717 3127 cum

665 3167 751 3231 clero
773 3172 808 3232 et
830 3167 960 3254 populo,
983 3167 1172 3254 sollempnis
1202 3168 1364 3256 processio
1386 3167 1423 3232 in
1453 3168 1540 3232 tanti
1563 3165 1720 3253 principis
1732 3171 1906 3252 Rogavend

499 3274 604 3324 nrunifl-
665 3269 813 3334 adventu
835 3269 994 3356 majorem
1016 3270 1185 3336 ecclesiam
1207 3270 1399 3337 illustravit.
1448 3269 1619 3351 Quantum
1640 3290 1721 3333 vero
1769 3249 1874 3296 ΜΒ·

497 3343 625 3472 iiim
666 3373 739 3438 auri
773 3373 827 3438 vel
869 3374 999 3461 argenti
1038 3373 1217 3440 Gallicanae
1249 3373 1419 3440 nobilitati
1457 3394 1516 3439 rex
1555 3370 1721 3436 Henricus

497 3475 652 3592 tulerench
665 3477 859 3563 magnificus
900 3482 935 3542 et
978 3477 1153 3543 munificus
1196 3477 1383 3554 contulerit,
1426 3481 1653 3562 quantumque
1684 3473 1720 3537 in

497 3557 531 3592 ¹¹⁰
559 3558 592 3592 es.
666 3581 755 3646 vasis
788 3586 823 3647 et
860 3581 1028 3669 lapidibus
1060 3581 1215 3667 pretiosis
1247 3603 1360 3647 omnes
1391 3580 1613 3658 honoraverit,
1645 3601 1719 3644 curn

665 3705 733 3749 non
755 3684 799 3749 sit
822 3684 880 3770 qui
904 3685 964 3750 hoe
986 3684 1079 3762 sciat,
1101 3684 1189 3750 desit
1211 3685 1269 3771 qui
1291 3685 1420 3750 scribat.
1456 3684 1531 3765 Sed,
1547 3689 1587 3749 ut
1609 3681 1741 3748 brevi--

665 3787 726 3852 bus
749 3788 857 3853 multa
886 3788 1155 3875 perstringamus,
1180 3788 1224 3852 ad
1255 3789 1336 3875 regii
1369 3788 1516 3854 thesauri
1539 3787 1593 3852 uel
1616 3786 1740 3851 etiarn·

664 3890 843 3976 imperialis
866 3891 1090 3976 quantitatem
1105 3913 1235 3955 summa
1256 3891 1378 3956 dieitur
1393 3890 1582 3956 ascendisse.
1629 3888 1740 3953 Prae-0

665 3998 755 4056 terea
778 4016 836 4058 rex
872 3992 1044 4074 Hemicus,
1069 3995 1109 4058 de
1133 3993 1281 4059 adventu
1303 3994 1391 4059 tanti
1414 3992 1511 4058 aunei
1534 3997 1568 4057 ct
1591 3989 1739 4055 domini·

665 4094 864 4176 laetissimus,
897 4119 994 4182 gazas
1026 4097 1132 4161 totius
1167 4094 1268 4182 regni,
1293 4094 1413 4182 quibus
1452 4094 1596 4159 multum
1635 4098 1739 4158 tunc.

664 4194 873 4262 auliundavit⁶
895 4196 953 4263 et6
974 4220 1087 4265 omnes
1102 4206 1321 4264 antecessores
1337 4195 1435 4263 suos⁷
1450 4196 1627 4284 superavit,
1646 4194 1740 4280 regi·

665 4289 867 4366 Frandorurn
890 4306 924 4366 et
947 4302 1014 4366 suis
1037 4301 1215 4387 exposuit3
1248 4302 1314 4379 sed,
1338 4323 1380 4365 ne
1411 4300 1605 4365 viderentm·
1626 4296 1717 4362 aliud

663 4425 763 4488 quam
794 4400 963 4469 martirem
998 4403 1163 4490 quaesisse,
1197 4425 1314 4469 manus
1350 4404 1392 4468 ab
1423 4402 1542 4468 oblatis
1573 4399 1716 4466 muneri-

1545 4560 1685 4569 *-

697 4641 703 4667 ¹
718 4637 860 4703 irrsipnitus]
875 4637 913 4687 At
922 4636 1083 4688 firstwrltten
1094 4639 1168 4703 insip-
1187 4644 1190 4737 i
1246 4635 1413 4701 macaron]
1433 4633 1599 4696 habundavit,
1610 4631 1666 4683 MS.

663 4727 770 4862 Μῖἶῖω]
790 4797 1034 4862 supplicaremus
1049 4797 1082 4848 A.
1095 4796 1168 4848 cn.

663 4878 684 4926 p

1187 4776 1190 4825 3
1246 4756 1302 4820 ὕει]
1323 4766 1404 4818 super,
1416 4753 1473 4804 MS.
1486 4755 1536 4803 and
1547 4753 1577 4804 F.
1610 4752 1715 4816 issuper

1187 4828 1190 4928 ξ
1212 4836 1234 4885 is
1255 4833 1374 4894 retained,
1399 4850 1436 4883 we
1458 4842 1525 4882 must
1552 4830 1615 4882 omit
1642 4847 1714 4896 supe·

686 4916 704 4973 '³
713 4951 817 5008 poterat,
830 4946 866 5010 ci]
886 4944 979 4995 Added
990 4943 1018 4994 in
1029 4959 1112 5009 marg.
1187 4934 1190 4995 l
1213 4918 1286 4965 ''all‘'

699 5023 881 5090 'cpia-opisque
900 5020 971 5090 aliis]
1008 5023 1167 5090 episcopique
1187 5030 1189 5067 Ι
1246 5021 1332 5089 ἐκσε]
1351 5020 1445 5073 Added
1455 5021 1482 5070 in
1493 5035 1575 5087 marg.

662 5103 714 5165 ulii,
726 5103 783 5153 MS.
1187 5108 1189 5117 '
